3190 4878
741 149 953 251 -18-

318 367 483 428 ceratus:
508 365 541 429 h:
558 365 592 443 V,
610 365 670 445 423
694 367 759 446 Vll,
784 367 843 445 23,
868 389 891 430 r.
918 367 1000 445 447,
1025 387 1065 430 m.
1083 365 1137 443 IX,
1156 366 1236 444 741,
1260 362 1314 444 XI,
1333 362 1405 430 154.
1424 403 1469 412 —

228 467 401 554 Martial.¹)
1280 465 1283 472 ’

199 605 202 610 ·
317 577 495 641 cirratus:
519 600 560 642 m.
585 577 624 656 X,
649 578 701 642 94.
713 575 738 661 2)
762 557 805 622 ss-
828 579 932 657 Mart,
958 579 1021 642 alii.

317 682 586 748 cothurnatus:
619 706 679 748 am.
704 683 742 762 Π,
768 684 820 763 18,
846 684 904 764 18,
935 681 980 748 Ib.
1005 683 1080 763 531,
1105 683 1188 764 595,
1218 684 1239 748 f.
1264 685 1299 763 V,
1324 683 1399 750 348.
1426 723 1468 730 —

228 787 320 852 Mart.
346 824 388 831 —
412 790 475 854 alii.
1554 777 1555 794 ¹

317 896 520 961 cristatus:
545 919 586 960 m.
611 896 660 975 IV,
685 896 767 977 599,
791 897 871 976 VIII,
895 895 955 976 253
979 897 1032 975 XI,
1057 896 1140 977 597,
1164 897 1185 961 f.
1210 898 1233 976 I,
1258 895 1368 982 455.³)

317 1001 498 1067 falcatus:
523 1025 564 1067 m.
589 1003 612 1080 Ι,
639 1003 719 1082 717,
743 1004 797 1082 ΠΙ,
822 1003 903 1082 681,
928 1004 977 1081 IV,
1004 1003 1084 1083 727,
1109 1003 1162 1082 XI,
1180 1003 1261 1083 2293
1279 1004 1406 1074 -Lin
1426 1043 1468 1050 -

228 1108 539 1403 {huqqmmatusz
570 1238 595 1279 r.
620 1215 679 1295 39;
709 1220 753 1280 m.¹
776 1217 815 1294 X,
843 1216 921 1295 113;
952 1216 1020 1280 Liv.
1054 1213 1252 1299 (,gemmans‘
1285 1193 1350 1280 iam
1381 1219 1467 1300 apud
1551 1286 1554 1356 Ι

253 1343 351 1384 uere.
1549 1357 1554 1582 q

316 1427 501 1509 peltatas:
528 1449 588 1491 am.
613 1427 651 1506 Π,
678 1427 729 1505 14,
755 1428 792 1508 2,
815 1427 848 1492 h.
872 1427 941 1506 XX,
968 1424 1076 1511 rw)
1102 1465 1144 1472 —
1168 1428 1272 1508 Mart,
1298 1428 1404 1494 Claud.

316 1532 532 1597 trabeatus:
556 1556 597 1598 m.
622 1533 702 1612 XIV,
728 1534 809 1614 828,
833 1533 855 1600 f.
879 1535 903 1613 l,
928 1532 980 1598 37.
1006 1569 1048 1580 -
1072 1535 1135 1598 alii.

315 1638 498 1705 vittatus:
523 1662 584 1704 am.
608 1640 633 1720 1,
661 1641 689 1718 7,
717 1640 844 1720 1731o.
870 1640 921 1704 79.
947 1675 990 1684 -
1013 1641 1152 1706 Iuvenal.
1163 1637 1188 1725 ⁵)

315 1745 420 1810 Unum
449 1747 490 1810 in
519 1748 626 1810 -itus
658 1747 829 1812 confictum
859 1749 967 1813 exstat
998 1747 1084 1831 apud
1112 1747 1262 1814 Ovidium
1290 1749 1467 1815 novicium:

315 1848 530 1934 pro'avitus:
554 1874 596 1916 m.
617 1853 700 1931 XIII,
725 1853 800 1931 416,
826 1854 864 1917 de
888 1853 977 1917 cuius
1001 1853 1191 1920 formatione
1214 1855 1255 1920 ab
1279 1856 1469 1920 anteceden-

227 1957 309 2020 tium
332 1957 458 2022 diversa
481 1957 626 2023 conferas
650 1981 769 2041 quaeso
789 1981 876 2042 ,quae
900 1959 1066 2024 disseruit:
1091 1959 1252 2025 Bordelle:
1276 1961 1296 2024 l.
1313 1961 1334 2023 l.
1358 1983 1389 2044 p.
1407 1961 1465 2038 42,
1533 1949 1556 2037 λι

228 2063 349 2127 imitati
371 2066 447 2128 sunt
469 2064 503 2128 id
527 2064 735 2128 adiectivum:
761 2062 861 2144 Stat,
887 2064 941 2129 Sil.

256 2254 291 2339 t)
316 2253 433 2322 Eadem
457 2255 689 2323 terminatione
712 2231 941 2342 afuat-ltus)
966 2257 1119 2342 conficta,
1143 2258 1202 2327 aed
1227 2256 1439 2326 avernorum

681 2361 847 2431 radicibus
872 2362 1021 2433 derivata
1335 2417 1339 2420 .

228 2489 357 2551 exstant
381 2487 466 2570 apud
490 2485 637 2553 Ovidium
660 2487 758 2552 haece
780 2511 880 2554 nova:
1559 2486 1570 2568 l,

317 2612 505 2674 cessatus:
530 2633 571 2675 m.
595 2612 634 2690 X,
658 2611 739 2692 669,
764 2612 785 2676 f.
809 2588 860 2690 IV,
886 2613 959 2692 617,
985 2614 1040 2679 ubi
1063 2636 1174 2678 sensus
1196 2613 1292 2676 huius
1316 2613 1464 2678 adjectivi

228 2717 289 2780 hac
324 2717 357 2780 in
393 2716 626 2801 complexione:
661 2721 808 2802 tempora
843 2723 969 2784 cessata
997 2748 1041 2774 =
1070 2720 1261 2798 intermissa,
1301 2722 1350 2786 et:
1390 2742 1466 2784 arva

228 2824 354 2887 cessata
375 2850 419 2875 =
441 2824 562 2888 inculta
584 2846 686 2888 novus
710 2826 827 2890 evadit.
1559 2859 1561 2898 ι

321 2922 347 2980 ’l‘
374 2927 609 2994 defrenatus:
634 2953 675 2996 m.
699 2931 723 3010 Ι,
749 2931 823 2996 282.

317 3035 557 3101 diffamatus:
581 3060 623 3101 m.
647 3038 697 3116 IV,
722 3038 804 3118 236,
829 3075 871 3083 -
895 3039 979 3117 Tae,
1004 3039 1172 3120 Augustin.

316 3139 570 3227 inauratus⁶):
597 3143 658 3208 am.
682 3144 706 3222 l,
732 3145 762 3222 8,
787 3145 847 3224 60,
869 3148 932 3208 ἐή.
956 3144 995 3223 Π,
1019 3145 1101 3226 493,
1125 3145 1207 3209 med.
1234 3145 1291 3224 18,
1316 3167 1356 3209 m.
1381 3142 1463 3220 XIII,

229 3246 310 3327 701,
338 3246 359 3312 f.
384 3249 422 3327 Π,
448 3231 516 3313 251
543 3245 599 3332 (-,·
622 3254 754 3316 auratus
778 3251 971 3316 adieetivum
1000 3252 1039 3316 in
1069 3251 1226 3335 particula
1251 3247 1306 3335 [τ
1327 3244 1375 3334 ἐν]
1399 3271 1465 3314 am·
1562 3287 1563 3294 κ

228 3351 433 3438 plificatum);
457 3358 590 3421 verbum
612 3358 758 3423 inaurare
781 3358 866 3441 apud
889 3357 1010 3422 Vitruv.
1036 3360 1077 3422 et.
1101 3357 1182 3422 Plin.
1354 3437 1356 3441 y
1559 3308 1562 3395 l

317 3462 564 3527 medicatus:
589 3486 649 3528 am.
674 3463 698 3542 Ι,
718 3463 843 3542 12,11,
870 3463 920 3542 14,
940 3464 1029 3544 1,,11.
1047 3463 1115 3544 XII,
1134 3461 1207 3542 107,
1226 3461 1304 3541 166,
1328 3461 1409 3526 med.
1427 3461 1465 3540 9,
1501 3548 1505 3554 Ι

227 3590 269 3631 m.
294 3566 317 3645 Ι,
343 3567 417 3631 716.
442 3604 485 3611 -
509 3569 616 3634 confer
640 3591 736 3654 supra
759 3568 859 3633 subet.
886 3569 1093 3650 ,medicatus‘.

318 3810 338 3880 ¹)
357 3812 478 3868 Martiali
503 3831 568 3867 cum
593 3813 692 3869 Oviuio
717 3813 800 3868 huius
826 3813 934 3883 generis
959 3813 1118 3868 communia
1144 3777 1201 3868 esse
1226 3815 1322 3868 haece:
1348 3816 1465 3877 ceratae,

228 3901 418 3968 cothmnatus,
443 3901 582 3968 cristatae,
608 3902 736 3972 peltatuS,
763 3907 919 3970 torquatus,
945 3903 1061 3956 vittatus
1085 3902 1201 3956 adnotat
1223 3903 1299 3955 Aem.
1319 3899 1465 3969 Stephani:

227 3987 377 4042 1.1.sa².
1131 4031 1133 4036 ,
1222 4007 1225 4012 ¹

316 4075 337 4146 ²)
358 3987 385 4131 tt
403 4076 424 4146 ³)
443 4077 498 4132 loci
517 4079 644 4133 Ovidiani
661 4077 799 4134 inserendi
817 4081 883 4132 sunt
901 4078 976 4148 apud
993 4078 1233 4132 Bordelleium.

315 4164 336 4234 ⁴)
353 4166 474 4233 Uterque
492 4167 571 4221 locus
590 4167 763 4221 desideratur
780 4167 856 4235 apud
875 4167 1000 4221 eundem.
1205 4167 1207 4170 ’

238 4271 241 4276 ·
315 4252 337 4322 ⁶)
354 4254 422 4322 Alia,
441 4259 475 4308 ut
493 4259 624 4311 arcuatus
643 4283 677 4294 -
696 4257 772 4323 quod
790 4256 842 4309 hac
864 4256 967 4310 forma:
994 4257 1146 4323 ,arquatus‘
1173 4257 1229 4310 iam
1252 4254 1375 4311 occurrit
1392 4251 1467 4322 apud

220 4343 377 4410 ‚Varronem
397 4346 598 4410 -torquatus
623 4344 677 4398 alia
696 4344 810 4398 Ovidius
835 4345 942 4413 primus
968 4344 997 4396 in
1022 4345 1117 4412 poesin
1136 4345 1246 4400 videtur
1272 4343 1467 4400 introduxisse.

316 4427 336 4514 ⁶)
356 4423 455 4483 Confer
473 4431 643 4486 Bordelle:
661 4433 679 4486 l.
698 4433 715 4486 l.
735 4451 761 4512 p.
781 4432 824 4488 26.
