3190 4878
652 156 864 262 ..EI-

226 366 464 448 periuratus:
498 389 559 431 am.
588 368 642 446 ΠΙ,
669 371 720 450 11,
750 369 807 448 22,
842 370 1011 435 transitive
1040 374 1246 456 usurpatum,
1277 373 1379 437 altera

138 470 254 535 forma:
276 471 436 555 peieratus
453 495 504 556 ap.
520 473 596 539 Hor.
615 497 710 538 carm.
727 476 765 554 Π,
790 476 827 554 8,
840 477 873 556 13
896 476 1002 541 confer
1018 476 1100 541 infra
1122 478 1376 562 ,imperiuratus‘.

226 579 550 662 praemedicatus:
580 579 613 644 h.
637 582 705 662 XII,
731 581 782 646 15.
808 618 850 626 —-
874 581 958 646 Tert.
983 583 1022 647 de
1045 584 1139 648 ieiun.
1165 584 1216 648 12.

226 684 331 750 Unum
355 686 493 750 occurrit
515 686 555 750 in
578 687 685 752 -itus
708 687 896 753 formatum:

230 785 255 842 ’i‘
283 791 533 874 demugitus:
558 815 598 858 m.
624 794 777 873 naara.

225 932 409 999 Uberrimus
426 937 475 999 est
485 934 618 1000 Ovidius
630 973 665 978 —
676 936 977 1020 metamorphoseon
992 937 1178 1025 praesertim
1193 937 1226 1001 in
1242 936 1330 1002 libris
1342 975 1378 981 -

137 1039 170 1104 in
195 1039 429 1106 conformandis
453 1041 629 1120 adiectiviS,

95 1288 97 1294 y
169 1198 193 1283 i)
219 1216 311 1284 quae,
335 1216 407 1268 cunr
434 1199 464 1266 in
488 1235 531 1246 —-
556 1198 720 1284 parrana
742 1202 894 1286 negativa
918 1240 960 1247 —
984 1201 1177 1286 composita,
1202 1201 1344 1285 speciem

303 1322 382 1390 prae
407 1323 445 1374 se
468 1302 583 1374 ferunt
607 1305 851 1392 participiorum
878 1305 1018 1393 perfecti
1043 1305 1208 1392 passivi.¹)

226 1447 348 1525 Quibus
371 1449 536 1514 vocabulis
560 1472 579 1513 a
601 1452 698 1532 poeta
724 1451 852 1515 novatis
879 1451 1072 1532 gravitatem
1096 1450 1257 1533 quandam
1280 1452 1380 1533 atque

137 1555 355 1637 granditatem
393 1555 497 1620 inesse
536 1558 569 1621 et
606 1579 782 1622 sermonem
823 1558 982 1639 tragicum
1024 1556 1185 1639 quoddam
1223 1557 1379 1634 redolens,

139 1685 203 1746 quo
226 1661 350 1745 pondus
374 1684 432 1726 nec
461 1685 526 1728 non
550 1662 645 1727 decus
678 1664 784 1728 versui
813 1665 911 1745 atque
935 1663 1072 1727 orationi
1096 1663 1255 1743 afferatur,
1285 1684 1379 1727 nemo

139 1771 198 1849 est,
231 1768 307 1851 quin
331 1768 460 1833 sentiat.
508 1767 686 1834 Occurrunt
715 1770 822 1833 autem
846 1769 932 1852 apud
955 1768 1104 1833 Ovidium
1127 1768 1221 1834 huius
1244 1769 1378 1850 generis,
1453 1813 1471 1832 ,

138 1897 274 1958 quorum
296 1897 371 1958 pars
395 1875 474 1939 satis
498 1875 605 1957 ampla
628 1877 703 1939 sunt
726 1869 810 1948 ἅπαξ
829 1870 991 1954 racana,
1014 1875 1129 1940 haece:

226 1982 417 2047 illaesus:
442 1981 474 2045 h.
492 1981 557 2061 XV,
584 1980 793 2062 1683m.11‚
818 1979 899 2060 826;
923 1980 992 2059 ΧΠ,
1016 1980 1098 2061 489,
1122 1981 1144 2044 f.
1168 1981 1218 2060 VI,
1243 1981 1318 2047 499.
1336 2019 1379 2027 -

137 2089 228 2169 Sen.;
253 2089 316 2155 alii.

225 2192 562 2279 †illabeiaotus:
587 2197 627 2260 tr.
652 2196 687 2273 V,
712 2194 742 2273 8,
768 2195 803 2274 63
829 2218 868 2259 ex
890 2195 925 2260 P.
950 2194 1000 2272 IV,
1025 2194 1056 2274 8,
1082 2194 1140 2274 103
1164 2194 1233 2272 XII,
1257 2192 1310 2259 30.

227 2301 412 2367 illectus:
444 2304 503 2366 art.
535 2302 558 2367 Ι.
588 2301 669 2381 469;
695 2338 737 2346 -
760 2301 853 2384 Apul.
883 2302 951 2366 flor.
982 2301 1092 2380 XVIII,
1122 2300 1175 2382 29,
1208 2301 1248 2365 14
1271 2301 1310 2364 K.
1335 2337 1377 2345 —

138 2406 530 2490 &Qfflffiffi

226 2516 523 2600 imperceptus:
546 2537 588 2579 m.
613 2515 666 2594 XI,
693 2514 873 2594 7113oe11.
898 2515 977 2592 XIV,
1004 2514 1032 2592 l,
1058 2514 1110 2580 24.

230 2617 256 2675 *
281 2623 577 2705 impercussus:
603 2643 664 2685 am.
688 2621 742 2702 ΠΙ,
768 2623 797 2699 1,
821 2620 874 2685 52.

229 2725 255 2782 *
281 2727 568 2813 imperfossus:
592 2750 634 2791 m.
659 2727 727 2805 XII,
753 2727 829 2792 496.

229 2831 599 2919 *ἰηιρθτίαηὲυεῑ
639 2833 684 2898 Ib.
712 2832 763 2897 78.
796 2870 838 2877 —
871 2828 931 2917 (Of.
961 2855 1073 2916 supra:
1106 2831 1310 2918 periuratus.)
1335 2871 1376 2879 —

136 2942 279 3008 Eandem
306 2941 499 3006 sententiam
520 2941 613 3022 Verg.
637 2940 714 3004 Aen.
739 2941 789 3018 VI,
814 2939 880 3004 324
904 2962 951 3023 sq.
979 2939 1064 3004 hunc
1093 2939 1135 3004 ad
1163 2939 1293 3006 modum
1322 2963 1377 3004 ex-

138 3048 268 3133 pressit:
294 3046 406 3130 Cocyti
429 3049 545 3128 stagna
568 3048 636 3112 alta
658 3046 746 3112 vides
763 3045 972 3130 Stygiamque
996 3046 1153 3130 paludem,
1171 3082 1213 3090 -
1231 3047 1263 3110 di
1287 3047 1377 3111 cuius

135 3156 240 3219 iurare
263 3154 379 3218 timent
402 3155 435 3218 et
457 3152 565 3219 fallere
587 3175 714 3219 numen.

225 3255 571 3347 imperturbatus:
595 3261 641 3326 Π).
668 3259 743 3325 560.
769 3297 811 3304 —
836 3260 919 3339 Seu,
944 3260 1024 3324 Plin.

226 3367 490 3432 inadsuetus:
516 3369 576 3431 art.
602 3366 681 3447 2993
705 3365 829 3446 lb.10;
853 3366 875 3430 f.
899 3366 949 3447 IV,
974 3365 1056 3446 4493
1081 3401 1123 3411 —
1148 3363 1203 3430 Sil.
1227 3365 1281 3446 HI,
1299 3363 1373 3430 235.

225 3473 462 3540 inadustus:
486 3473 518 3536 h.
543 3472 611 3551 XII,
636 3472 696 3552 933
721 3509 763 3518 -
786 3473 881 3538 Prud.
906 3473 1016 3556 apoth.
1043 3473 1116 3537 131.

228 3575 254 3633 ‘¹‘
280 3581 590 3646 inattenuatus:
619 3601 660 3642 m.
684 3579 764 3659 VIII,
788 3579 854 3643 844
878 3576 963 3662 (cum
986 3579 1082 3644 tmesi
1104 3574 1306 3661 adhibitum.)

227 3681 253 3739 ’¹‘
279 3685 651 3753 incommendatus:
675 3707 717 3748 m.
741 3684 795 3762 XI,
819 3684 895 3749 434.

222 3790 604 3879 †inconsumptus:
634 3814 676 3857 m.
705 3790 755 3869 IV,
786 3791 844 3869 173
875 3789 940 3878 VII,
969 3788 1048 3878 5923
1082 3815 1121 3855 ex
1150 3791 1185 3853 P.
1209 3790 1234 3870 I,
1258 3789 1288 3870 2,
1313 3790 1373 3870 41,

135 3900 181 3965 Ib.
208 3900 279 3964 192.

228 4000 254 4058 ’¹‘
280 4007 558 4073 incorrectus:
583 4008 623 4070 tr.
648 4005 701 4085 III,
728 4005 779 4084 14,
805 4003 857 4067 23.
894 4002 983 4090 (Vide
1006 4004 1126 4070 Loersii
1148 3998 1284 4086 notam.)

134 4181 346 4192 ..—-—--.

226 4268 244 4338 ¹)
264 4269 297 4323 cf.
316 4269 346 4324 L.
366 4269 521 4325 Scheibe:
540 4269 558 4324 l.
577 4269 595 4323 l.
614 4268 639 4324 5.
659 4298 693 4308 -
712 4268 733 4322 Ι.
752 4267 870 4321 Ferre:
889 4264 906 4320 l.
926 4266 944 4321 L
963 4284 990 4334 p.
1009 4265 1045 4319 80
1062 4283 1120 4333 sqq.
1139 4295 1173 4304 -
1191 4265 1271 4335 Eug.
1289 4265 1372 4320 Leh-

133 4374 244 4411 mann:
267 4357 285 4412 1.
304 4357 321 4413 l.
345 4375 370 4426 p.
390 4357 425 4412 37
444 4375 512 4426 sqq,
535 4357 578 4426 49,
601 4356 635 4411 51
655 4375 714 4426 sqq.
739 4385 772 4394 -
795 4355 1055 4426 Reisig-Haase:
1082 4353 1185 4412 Vorles.
1210 4356 1252 4409 ed.
1274 4355 1371 4425 Hagen

134 4446 155 4516 I,
174 4444 228 4499 400
245 4463 284 4514 sq.
305 4445 404 4516 (1888.)

1252 4552 1265 4591 4
