3190 4878
810 194 851 262 16

724 288 937 296 ———

298 409 361 475 Sed
393 411 457 473 iam
490 411 737 475 enumerationis
769 414 898 476 nostrae
932 411 1041 475 ordine
1074 410 1258 474 deducimur
1291 409 1332 474 ad
1364 411 1451 474 aliud

208 537 308 597 genus
331 516 559 581 vocabulorum
583 540 600 582 e
623 540 766 582 sermone
791 516 913 582 Graeco
938 518 1166 595 desumtorum,
1191 517 1210 578 i.
1236 538 1262 580 e.
1288 516 1345 579 ad:

545 711 580 772 1.
617 692 846 774 Nomina
876 692 1108 793 propria,

210 891 346 951 quorum
370 870 478 932 exstat
501 869 533 932 in
558 869 750 933 carminibus
775 869 940 934 Ovidianis
963 869 1156 933 inexhausta
1178 869 1243 934 fere
1265 870 1449 935 multitudo.

208 974 291 1039 Fieri
315 975 437 1039 scilicet
460 997 523 1039 non
546 976 663 1058 potuit,
694 975 770 1058 quin
793 979 890 1058 poeta
913 976 946 1038 in
969 975 1086 1040 fabulis
1109 976 1267 1058 rebusque
1289 976 1450 1059 mytholo-

207 1082 286 1163 gicis
311 1103 383 1145 cum
402 1080 596 1146 Graecorum
619 1084 688 1146 tum
707 1082 924 1146 Romanorum
946 1081 1185 1146 versutissimus
1208 1082 1241 1146 in
1265 1083 1449 1148 enarrandis

207 1186 483 1272 innumerabilium
515 1188 579 1252 fere
603 1189 734 1252 deorum
757 1187 889 1252 heroum
912 1188 1076 1253 hominum
1100 1189 1241 1253 locorum
1261 1189 1449 1255 ¹animalium

206 1295 389 1377 plantarum
420 1295 561 1376 lapidum
591 1293 668 1358 fatis
699 1298 796 1376 atque
826 1294 1161 1359 transformationibus
1185 1315 1393 1378 permagnum
1415 1297 1448 1360 in

205 1423 299 1464 usum
323 1403 453 1464 vocaret
476 1423 642 1464 numerum
669 1401 834 1464 nominum
863 1401 1063 1483 propriorum
1091 1404 1189 1483 atque
1217 1402 1447 1467 adiectivorum

206 1507 247 1570 ab
271 1507 334 1569 illis
358 1506 584 1583 derivatorum,
610 1529 746 1588 quorum
769 1506 904 1571 formam
926 1507 1170 1587 grammaticam
1193 1507 1245 1572 hic
1268 1507 1332 1572 illic
1355 1511 1446 1573 novis

206 1612 359 1676 adhibitis
378 1612 657 1676 terminationibus
679 1634 802 1676 summa
821 1611 977 1675 facilitate
997 1615 1094 1695 atque
1113 1614 1272 1695 elegantia
1294 1615 1336 1678 ad
1353 1615 1447 1679 metri

207 1718 356 1801 dactylici
379 1717 634 1782 accommodaret
657 1719 807 1782 rationes
852 1718 901 1782 Ad
925 1719 1011 1800 quod
1034 1720 1167 1797 accedit,
1193 1721 1279 1802 quod
1303 1721 1444 1799 Ovidius

206 1847 270 1907 qua
298 1828 366 1888 erat
391 1825 432 1888 ad
456 1826 703 1906 excogitandum
731 1825 1017 1907 inveniendumque
1046 1826 1199 1889 felicitate
1228 1830 1325 1908 atque
1353 1829 1446 1892 uber-

205 1933 283 2009 tate,
307 1931 360 1995 hic
383 1932 448 1995 illic
471 1954 536 1995 non
559 1931 730 2010 dubitavit,
757 1931 823 1995 deis
846 1930 1028 1994 hominibus
1049 1931 1238 1994 animalibus
1254 1968 1296 1975 —
1313 1933 1445 1996 canibus

204 2038 360 2121 imprimis
384 2041 481 2120 atque
505 2039 594 2120 equis
614 2075 656 2081 —
680 2038 747 2120 ipse
771 2037 900 2101 nomina
923 2036 1030 2100 indere
1054 2035 1249 2100 Graecanica
1272 2037 1314 2101 ad
1337 2060 1445 2103 eorum

204 2147 354 2208 naturam
377 2143 578 2225 indolemque
598 2139 846 2225 accomodata.¹)
876 2142 944 2206 lam
963 2163 1047 2221 veru,
1074 2143 1219 2224 quamvis
1239 2167 1277 2207 ex
1297 2144 1445 2226 operibus

205 2250 370 2316 Ovidianis
393 2251 556 2314 nominum
579 2249 779 2334 propriorum
810 2252 841 2313 et
871 2251 979 2332 aperte
1002 2249 1232 2313 translatorum
1256 2252 1288 2314 et
1312 2250 1445 2315 feliciter

205 2358 420 2422 derivatorum
459 2357 525 2421 sive
566 2357 728 2437 ingeniose
765 2356 967 2420 inventorum
1010 2356 1144 2420 collecta
1180 2355 1356 2420 habeamus
1395 2360 1446 2420 sat

204 2464 316 2542 multa,
340 2486 424 2527 nunc
446 2462 574 2545 quidem
590 2499 632 2506 -
648 2486 723 2526 nam
746 2463 779 2526 in
803 2462 984 2545 praesentia
1006 2485 1072 2526 non
1095 2465 1145 2526 est
1167 2462 1260 2526 nobis
1283 2463 1316 2526 in
1340 2463 1446 2528 animo

205 2571 426 2635 onomasticon
450 2591 637 2653 componere
658 2565 881 2651 Ovidianum2)
898 2605 940 2612 -
957 2569 1115 2632 delectum
1139 2568 1297 2649 quendam
1320 2569 1445 2633 illorum

204 2697 379 2760 proponere
412 2677 550 2740 sufficiat
584 2677 625 2740 ad
658 2675 894 2758 comprobanda
924 2699 971 2753 ea,
1006 2697 1087 2756 quae
1118 2674 1255 2738 diximus
1285 2676 1443 2753 idoneum,

204 2782 299 2865 idque
331 2807 367 2848 eo
391 2783 503 2864 magia,
535 2805 607 2846 cum
637 2781 670 2845 id
700 2782 813 2865 ipsum,
846 2781 884 2845 de
915 2803 977 2863 quo
1009 2780 1125 2861 agitur,
1154 2781 1318 2845 nominum
1346 2802 1444 2863 genus

204 2888 395 2953 foedissimis
420 2910 645 2971 saepenumero
666 2891 791 2951 exstare
815 2887 848 2952 in
872 2887 1034 2951 codicibus
1059 2886 1264 2951 deturbatum
1287 2884 1443 2970 mendis³)

204 3017 296 3059 nemo
325 2996 368 3058 sit
395 2995 450 3076 qui
477 2995 609 3058 nesciat.
635 3030 678 3038 -
701 2994 892 3076 Priusquam
915 2996 1023 3057 autem
1052 2993 1092 3057 ad
1120 2994 1253 3058 heroum
1280 2995 1444 3058 hominurn

204 3091 360 3164 terrarum
375 3101 544 3164 fluviorum
559 3102 688 3167 nomina
704 3100 832 3184 propria
849 3099 1046 3177 accedamus
1063 3100 1150 3164 haud
1166 3101 1223 3165 abs
1239 3124 1272 3165 re
1285 3101 1444 3165 videbitur

205 3206 384 3271 adscribere
408 3207 657 3290 appellationum
681 3207 793 3271 seriem
816 3207 903 3271 haud
925 3206 1012 3270 illam
1034 3206 1191 3287 exiguam,
1217 3207 1331 3289 quibus
1348 3210 1444 3290 poeta

203 3312 282 3377 locis
311 3314 501 3397 quibusdam
529 3314 694 3395 insignivit
723 3335 817 3376 canes
846 3315 943 3395 atque
972 3334 1081 3394 equos,
1111 3313 1166 3394 qui
1189 3312 1251 3376 loci
1273 3314 1388 3377 mirum
1411 3313 1444 3376 in

202 3421 333 3484 modum
368 3421 414 3483 ita
450 3424 523 3484 sunt
558 3420 735 3503 comparati
769 3423 806 3483 ut
839 3419 1015 3483 habeamus
1049 3418 1199 3482 Ovidium
1225 3419 1353 3500 ingenio
1385 3441 1443 3482 suo

294 3689 313 3760 ¹)
331 3688 520 3759 *Dysparis
539 3708 641 3746 nomen
660 3689 696 3760 (h.
710 3692 782 3759 XIII,
796 3689 842 3760 43)
861 3709 917 3746 non
937 3691 972 3746 ad
990 3690 1083 3760 ipsius*
1097 3689 1211 3746 Homeri
1234 3686 1313 3757 Ι1Γ,
1333 3689 1376 3758 39,
1395 3691 1443 3744 sed

203 3780 238 3833 ad
251 3780 433 3848 Euripideum
452 3780 592 3848 exemplar·
609 3771 750 3848 quoddam
763 3781 892 3835 Ovidium
912 3780 1076 3849 expressisse
1095 3780 1252 3847 suspicatur
1266 3779 1443 3832 Tolkiebnius

202 3868 218 3922 l.
239 3868 255 3922 l.
276 3887 300 3936 p.
322 3867 363 3922 86.

292 3956 313 4024 a)
332 3956 502 4026 Improbavit
527 3974 589 4010 mea
614 3957 727 4024 quidem
753 3957 882 4027 opinione
907 3955 1015 4023 iniuria,
1042 3956 1118 4023 quod
1137 3954 1358 4009 Tolkiebnius
1382 3955 1399 4010 1.
1424 3955 1440 4009 1.

202 4045 292 4114 capite
310 4047 353 4111 VI,
378 4063 403 4114 p.
423 4044 457 4098 85
477 4063 544 4112 sqq,
568 4045 681 4098 nomina
704 4063 815 4113 quoque
837 4046 951 4114 propria
974 4045 1048 4113 apud
1068 4043 1197 4097 Ovidium
1220 4043 1343 4112 primum
1362 4045 1442 4098 obvia

203 4134 329 4202 appinxit
359 4135 503 4201 quaedam,
535 4133 652 4202 Georg,
680 4133 872 4187 Knaackius
905 4134 933 4185 in
965 4132 1146 4201 ephemeride,
1180 4149 1250 4199 quae
1283 4133 1442 4186 inscribitur

203 4224 343 4289 ,deutsche
361 4222 643 4291 Litteraturzeitung‘,
662 4222 783 4276 Berolini
802 4221 879 4288 1889,
899 4240 924 4290 p.
944 4219 1005 4274 306.

292 4309 313 4379 ⁸)
333 4311 425 4365 111.
445 4312 488 4365 St
510 4311 717 4376 Sedlmayer:
743 4310 943 4378 Prolegomena
966 4307 1062 4363 critica
1085 4310 1120 4362 ad
1139 4309 1265 4364 heroides
1285 4309 1440 4374 0111111111,

201 4399 380 4452 vindobonae
393 4397 470 4465 1878,
485 4418 511 4468 p.
522 4397 564 4452 43.
576 4427 609 4434 —
620 4399 650 4451 A.
662 4397 842 4452 Gudeman:
862 4399 901 4449 De
913 4397 1066 4452 Heroidum
1079 4398 1170 4452 Ovidii
1184 4399 1278 4453 codice
1291 4399 1440 4465 Planudco‚

201 4487 323 4541 Berolini
342 4485 418 4554 1888,
438 4504 464 4556 p.
484 4486 517 4540 62
537 4505 576 4555 sq.
