3190 4878
770 209 812 273 57

686 300 898 308 ——-.

337 421 372 507 t)
396 421 477 490 ΑΙίἰε
503 418 638 490 suffixis
660 421 839 491 terminata
863 419 1044 506 etuoulaua
1067 418 1243 505 quaedam:

260 566 446 630 aeterno:
471 565 533 628 am.
557 563 611 645 ΠΙ,
635 563 666 644 3,
693 565 744 628 11.
769 601 812 610 -
835 563 1037 648 posteriores.

260 670 496 758 correptius
521 667 740 756 (comparat.):
771 695 810 736 ex
832 671 868 734 P.
892 671 942 750 IV,
970 671 1021 750 12,
1048 669 1088 734 13
1113 667 1298 754 (positivum
1331 688 1411 746 ,cor-

169 777 269 860 repte‘
294 776 399 842 dicere
422 777 507 861 apud
531 773 626 861 Gell.)

258 905 452 967 perenne:
477 882 509 947 h.
533 883 612 962 Vlll,
638 883 697 964 643
723 883 744 948 f.
768 883 822 964 III,
847 881 922 950 654.

258 990 511 1072 ubiquaque:
545 1013 607 1054 am.
638 989 691 1069 III,
724 989 776 1070 10,
807 988 845 1069 53
879 989 918 1054 de
950 990 1022 1055 aliis
1055 989 1189 1055 aliorum
1222 989 1412 1072 scriptorum

170 1096 248 1161 locis
272 1094 389 1182 (Plaut.
414 1095 531 1161 Bacch.
554 1096 593 1175 H,
618 1096 649 1177 3,
676 1097 734 1176 173
758 1095 826 1159 Liv.
850 1096 950 1178 XXII,
974 1097 1012 1177 43
1042 1095 1134 1180 Apul.
1161 1096 1199 1160 dc
1222 1094 1330 1160 mund.
1356 1089 1412 1177 26)

170 1202 339 1284 ambigumt
362 1203 509 1268 editores.
617 1264 619 1268 ,

259 1431 453 1508 Quaestione
484 1434 527 1498 ad
557 1434 652 1498 linem
684 1434 839 1518 perducta
870 1434 935 1499 iam
965 1435 1077 1513 restat,
1113 1435 1150 1498 ut
1182 1432 1292 1516 paucis
1327 1452 1414 1496 com-

168 1538 411 1624 prehendamus,
445 1539 597 1623 quidnam
628 1539 678 1619 iis,
710 1561 792 1624 quae
823 1529 1057 1624 proposuimus,
1093 1538 1232 1604 effecisse
1267 1560 1414 1621 quaeque

167 1644 242 1708 inde
272 1643 509 1710 ad'historiam
538 1645 719 1710 litterarum
741 1646 958 1711 Romanarum
988 1644 1169 1729 spectantia
1198 1645 1314 1710 lucrati
1344 1667 1414 1709 esse

169 1750 262 1815 nobis
289 1750 463 1816 videamur.
509 1752 688 1835 Postquam
718 1751 817 1834 igitur
845 1752 944 1816 Iulius
967 1749 1107 1816 Faverus
1137 1773 1233 1834 supra
1263 1750 1413 1816 laudatus

170 1893 213 1900 —
236 1858 273 1921 ut
295 1858 422 1922 taceam
445 1858 484 1923 de
507 1857 662 1924 Ludovioi
685 1856 826 1924 Scheibii
855 1858 959 1942 opella
990 1857 1065 1923 huic
1094 1857 1142 1924 rei
1170 1860 1290 1922 navata
1314 1894 1357 1901 —
1380 1857 1413 1921 in

169 1963 254 2028 thesi
277 1986 335 2029 sua
358 1964 509 2030 facultati
531 1965 711 2030 litterarum
733 1964 908 2030 Parisiensi
930 1966 1095 2049 proposita
1117 1965 1262 2029 trecenta
1286 1986 1414 2028 enume-

168 2069 253 2134 ravit
275 2069 392 2152 viginti
419 2072 573 2153 quattuor
595 2071 722 2137 novicia
746 2070 912 2150 Ovidiana,
941 2071 1025 2135 inter
1048 2092 1131 2152 quae
1154 2070 1234 2135 setis
1261 2089 1413 2150 magnum

168 2198 296 2260 quoque
318 2176 445 2241 rettulit
472 2176 525 2241 ille
552 2199 719 2242 numerum
748 2177 913 2242 nominum
943 2162 1143 2261 propriorum
1173 2199 1213 2241 ex
1242 2177 1414 2240 metamor-

167 2281 298 2365 phosesi
319 2282 458 2347 maxime
487 2283 672 2366 petitorum,
700 2283 866 2366 Augustus
888 2283 1029 2366 Draeger
1052 2318 1095 2326 —
1118 2282 1232 2348 Fauori
1259 2282 1413 2366 opusculo

167 2387 201 2450 in
223 2409 317 2452 usum
341 2409 406 2453 non
428 2390 546 2454 vocato
569 2425 612 2434 -
635 2389 767 2473 reliquis
795 2411 922 2473 quoque
951 2388 1104 2456 adhibitis
1133 2388 1280 2473 operibus
1304 2386 1413 2453 Ovidi-

168 2493 237 2558 anis
261 2497 453 2560 novatorum
475 2494 601 2560 illorum
622 2496 751 2578 collegit
769 2498 914 2561 trecenta
934 2496 1110 2578 nonaginta
1131 2495 1203 2576 duo,
1227 2493 1310 2558 inter
1331 2515 1414 2575 quae

166 2636 210 2645 —
233 2601 463 2685 patronymicis
487 2603 614 2686 practer
636 2602 765 2667 unicum
789 2602 1061 2687 ,Oedipodionius‘
1084 2601 1239 2686 neglectis
1254 2638 1298 2647 —
1315 2601 1413 2667 etiam

167 2709 331 2792 complura
369 2707 514 2786 inseruit,
554 2731 636 2792 quac
670 2709 712 2773 ad
748 2709 898 2794 syntaxin
937 2709 1135 2793 formantque
1169 2708 1413 2791 grammaticam

166 2817 324 2897 spectant.
378 2814 491 2880 Denuo
518 2813 583 2880 iam
613 2836 633 2879 a
662 2814 755 2882 nobis
785 2815 818 2880 in
849 2816 966 2894 omnia,
999 2837 1081 2898 quae
1111 2817 1240 2880 exstant
1271 2813 1413 2880 carmina

165 2920 351 2985 Nasoniana
382 2921 465 2986 curis
494 2921 619 2988 collatis
649 2921 692 2986 ad
721 2923 898 3005 quingenta
927 2922 987 3002 vel,
1018 2924 1054 2986 ut
1086 2922 1266 2987 accuratius
1297 2922 1411 3001 dicam,

167 3026 402 3109 quadringenta
424 3028 591 3109 octoginta
615 3031 737 3112 septem
759 3029 793 3092 in
808 3029 912 3093 lucem
935 3027 1125 3112 protulimus
1141 3029 1280 3106 nomina,
1304 3028 1411 3106 verba,

57 3151 61 3158 ·
167 3132 318 3198 adverbia
355 3137 489 3214 novata,
529 3134 570 3200 ad
608 3157 690 3219 quae
728 3136 756 3200 si
794 3135 954 3224 addideris
994 3135 1132 3200 ducenta
1171 3133 1413 3214 duodetriginta

168 3238 297 3305 ethnica
329 3242 427 3324 atque
460 3242 680 3326 patronymica
708 3278 750 3286 —
780 3264 872 3324 quae,
904 3242 990 3326 quod
1018 3240 1238 3326 lexicographi
1265 3242 1324 3318 est,
1355 3239 1413 3302 ali-

169 3348 290 3430 quanto
311 3346 497 3431 amplificari
519 3368 613 3430 posse
642 3347 780 3412 diximus
800 3382 844 3392 -
863 3370 1013 3414 numerus
1034 3347 1076 3413 ad
1097 3347 1300 3431 septingenta
1320 3345 1413 3428 quin-

168 3451 271 3518 decim
305 3453 490 3536 completur.
503 3449 526 3536 ¹)
585 3451 683 3517 Cuius
699 3525 702 3530 ,
720 3453 937 3519 multitudinis
970 3454 1144 3519 maximam
1181 3456 1305 3537 partem
1343 3477 1413 3519 esse

167 3559 468 3645 metamorphoseon
505 3559 591 3624 omni
624 3558 744 3641 ingenii
782 3562 880 3644 atque
916 3560 1070 3626 sermonis
1107 3561 1277 3625 venustate
1312 3560 1412 3624 abun-

168 3665 313 3730 dantium
342 3688 435 3731 nemo
466 3687 542 3730 sane
574 3667 624 3730 cst
654 3666 710 3749 qui
738 3666 879 3732 miretur.
927 3667 972 3733 Ut
1001 3669 1109 3732 autem
1137 3665 1285 3732 iuvenilis
1313 3669 1413 3752 atque

167 3770 308 3838 florentis
330 3771 447 3838 aetatis
469 3771 620 3852 carmina,
644 3793 779 3853 amores,
802 3769 994 3858 heroidesl),
1017 3773 1301 3858 metamorphoses,
1324 3772 1411 3854 fasti,

167 3875 290 3959 reliqua
308 3877 465 3944 fervidum
486 3878 645 3962 quendam
669 3881 767 3962 atque
790 3879 928 3945 alacrem
948 3901 1024 3964 prae
1044 3902 1079 3945 se
1094 3879 1200 3960 icrunt
1221 3901 1294 3945 cum
1314 3879 1412 3945 animi

260 4050 279 4122 ¹)
299 4053 359 4121 Qua
384 4054 412 4108 in
438 4054 600 4110 collectione
625 4055 714 4126 magis
741 4073 841 4126 operae
865 4073 950 4124 quam
968 4056 1162 4111 ostentationis
1180 4055 1262 4125 plena
1279 4045 1413 4111 nonnulla

168 4158 219 4196 noe
237 4141 333 4212 fugere
351 4143 483 4212 potuisse,
502 4161 574 4211 quae
591 4161 701 4214 sperare
718 4144 785 4199 licet
806 4144 866 4199 fore
889 4161 986 4214 pauca,
1005 4162 1086 4199 nemo
1105 4162 1170 4198 sane
1188 4143 1343 4210 mirabitur,
1363 4143 1412 4211 qui

169 4233 274 4296 quanta
299 4230 546 4301 circumspectione
571 4232 600 4286 in
626 4232 763 4288 eiusmodi
788 4249 858 4302 opus
883 4232 920 4286 sit
945 4232 1087 4303 opusculo,
1114 4250 1209 4290 secum
1232 4232 1409 4301 reputaverit

258 4317 278 4385 ⁹)
299 4318 429 4374 Conferre
448 4320 526 4374 iuvat
538 4325 648 4391 praeter
667 4325 758 4375 cetera
771 4338 856 4389 quam
869 4321 902 4374 de
914 4320 1074 4374 heroidibus
1088 4319 1229 4376 Ovidianis
1248 4320 1412 4374 sententiam

169 4405 288 4475 protulit
299 4407 341 4461 vir
354 4424 479 4463 summus
493 4408 559 4465 Otto
572 4409 739 4463 Ribbeckius
751 4408 780 4461 in
793 4408 918 4464 oratione
930 4407 1066 4477 Lipsiensi
1080 4426 1152 4464 anno
1166 4407 1236 4463 1887
1248 4409 1351 4477 habita,
1366 4408 1412 4462 cui

170 4494 285 4550 titulum
304 4495 415 4550 indidit:
435 4495 587 4567 ,Anfgaben
599 4497 658 4553 und
670 4497 743 4552 Ziele
762 4497 837 4551 einer
855 4497 969 4552 antiton
980 4496 1310 4570 Litteraturgeschichte‘,
1328 4515 1354 4573 p.
1368 4495 1409 4558 26.
