3190 4878
748 175 790 238 59

151 390 321 473 praeclaris
344 389 407 452 illis
432 389 472 452 ab
495 389 632 472 ipsomet
659 389 743 453 fictis
768 390 905 453 adeum
929 410 1055 471 quoque
1078 388 1173 452 finem
1196 410 1289 452 usum
1313 410 1390 465 esse,

150 498 196 574 ut,
231 519 302 559 cum
333 496 438 560 adhuc
466 497 500 558 in
530 496 627 576 elegis
658 499 825 580 po'e‘tarum
856 499 963 560 aetate
993 495 1251 578 praecedentium
1274 493 1393 559 Catulli

150 602 266 667 Tibulli
297 603 455 685 Propertii
485 602 618 686 spondei
641 605 825 686 superarent
857 603 1010 685 dactylos,
1044 603 1077 664 in
1106 602 1206 684 ipsius
1235 600 1393 684 poematis

150 708 269 791 dactyli
292 712 477 792 superarent
501 710 658 792 spondeos
676 732 812 792 vereque
830 731 938 774 eorum
955 710 1103 774 evaderet
1125 708 1294 792 rhythmus
1318 709 1392 772 dac-

149 815 274 897 tylicus,
301 839 364 899 qua
387 840 421 880 re
444 817 591 906 euenisse
605 817 671 881 eius
697 816 835 882 disticha
857 816 946 897 talia,
972 839 1046 895 ,non
1062 819 1099 880 ut
1114 815 1282 880 iucundius
1306 814 1393 895 cogi-

150 924 214 987 tari
243 925 345 1007 possit
375 923 517 1006 singulis‘
550 913 596 1007 (L.
628 924 797 1002 Muellerus
826 924 846 987 l.
871 923 891 986 1.
916 946 949 1006 p:
977 919 1091 1006 91.)¹,)j
1132 922 1202 999 Qua
1229 921 1262 984 in
1289 943 1323 984 re
1351 920 1392 984 ab

150 1031 338 1111 Hultgrenio
381 1054 475 1114 supra
516 1031 647 1096 laudato
687 1053 784 1112 quam
825 1030 1064 1095 accuratissime
1106 1027 1393 1109 venustissirneque

7 1199 8 1206 ,
42 1207 45 1214 ,
149 1139 291 1200 tractata
316 1174 358 1181 —
383 1159 585 1202 numerorum
609 1137 848 1221 computatione
879 1138 912 1200 in
942 1137 1062 1201 tabulis
1091 1134 1393 1199 mathematicorum

149 1244 182 1306 in
205 1245 335 1309 modum
358 1245 469 1309 addita
492 1281 535 1288 —
560 1266 631 1309 cum
654 1267 760 1310 meum
786 1266 851 1310 non
879 1245 922 1308 sit
945 1243 1065 1308 diutius
1089 1240 1287 1318 commorari,
1311 1239 1394 1304 iudi-

151 1353 234 1417 cium
262 1351 329 1416 eius
358 1350 453 1414 liceat
486 1351 527 1414 ad
554 1334 750 1436 postremum
777 1373 883 1415 meum
912 1349 1026 1430 facere,
1056 1371 1120 1432 quo
1150 1346 1299 1440 Ovidium
1329 1368 1394 1431 non

150 1459 253 1524 solum
285 1458 367 1521 inter
398 1457 554 1538 elegiacos
589 1457 721 1524 Latinos
755 1461 864 1522 tenere
880 1449 882 1452 ’
896 1457 1118 1541 principatum,
1150 1454 1206 1518 sed
1238 1489 1281 1498 -
1313 1451 1393 1516 artis

150 1565 301 1630 metricae
327 1565 484 1631 rationem
508 1565 535 1628 si
558 1568 685 1648 spectas
709 1565 868 1644 —longe
893 1585 1020 1646 quoque
1044 1560 1229 1626 antecedere
1253 1558 1393 1624 Graecos

151 1672 325 1738 contendit.
336 1668 360 1756 2)
1150 1679 1151 1684 ’

241 1778 329 1857 Quae
345 1779 380 1842 'si
402 1781 488 1844 recte
512 1801 546 1842 se
568 1778 699 1856 habent,
723 1778 757 1841 111
778 1774 927 1842 Ovidium
950 1776 1119 1840 verborum
1143 1767 1270 1862 quoque
1294 1774 1393 1839 artifi-

152 1905 220 1949 cem
253 1909 293 1950 ex
324 1889 416 1969 parte
449 1908 524 1949 sane
559 1884 715 1967 quadrare
747 1883 826 1948 mihi
860 1883 1082 1967 persuaserim,
1116 1885 1203 1967 quod
1234 1882 1392 1971 Luciacus

151 1992 329 2070 Muellerus,
361 1990 566 2072 acutissimus
596 1991 710 2054 harum
737 2013 842 2066 rerum
873 1990 1060 2055 aestimator
1089 1991 1187 2072 atque
1216 1989 1322 2066 iudex,
1355 1988 1393 2051 de

151 2101 219 2163 arte
250 2100 317 2163 eius
347 2098 495 2162 universa
525 2098 658 2162 metrica
686 2097 766 2162 tulit
793 2097 945 2162 iudicium
969 2094 1001 2180 (l.
1026 2097 1046 2158 l.
1071 2095 1137 2161 408
1161 2093 1240 2179 sq.):
1277 2093 1393 2173 ,Ovidii

152 2208 231 2287 quot
254 2206 330 2269 sunt
354 2211 476 2284 versus,
508 2204 564 2284 ait,
596 2204 732 2268 totidem
763 2205 838 2268 sunt
868 2203 1013 2283 artificia,
1046 2203 1159 2286 quovis
1182 2201 1315 2266 Phidiae
1337 2199 1393 2263 illa
1422 2241 1426 2250 .

151 2311 201 2375 vel
235 2311 405 2375 Praxitelis
436 2331 530 2395 opere
562 2331 626 2374 non
658 2311 797 2389 minora,
834 2313 867 2374 et
905 2310 1005 2393 quod
1037 2305 1184 2393 semper
1219 2310 1277 2374 est
1308 2329 1392 2390 per-

151 2417 279 2482 fectae
333 2416 477 2482 indolis
522 2417 713 2499 poeticae,
771 2439 852 2480 cum
902 2417 1049 2482 sentias
1099 2419 1218 2480 artem
1267 2414 1393 2478 inesse

44 2545 46 2549 ’
151 2546 346 2602 summam,
381 2524 550 2588 laborem
584 2522 836 2606 persentiscis
866 2523 1032 2588 nullum.‘
1061 2559 1104 2567 —

240 2631 360 2708 Quodsi
389 2631 422 2694 in
455 2629 597 2695 omnium
628 2629 840 2712 scriptorum,
863 2632 1031 2712 poetarum
1061 2629 1210 2700 nimirum
1239 2626 1393 2711 imprimis

151 2759 327 2802 sermonem
358 2739 514 2820 spectant,
547 2758 629 2818 quae
652 2735 805 2800 Horatius
829 2734 867 2800 de
895 2737 1064 2801 verborum
1095 2755 1222 2819 quoque
1253 2754 1392 2800 commu-

151 2844 274 2908 tatione
298 2845 396 2926 atque
417 2842 691 2907 vicissitudinibus
715 2842 880 2924 praedicat
902 2842 990 2906 hisce
1012 2843 1118 2907 verbis
1128 2839 1169 2927 B):

313 2950 367 3026 ,Ut
391 2950 488 3012 silvae
502 2949 596 3014 ¹foliis
620 2971 738 3032 pronos
761 2951 927 3014 mutantur
949 2951 983 3012 in
1007 2972 1116 3028 annoS,

311 3056 419 3120 Prima
444 3056 579 3134 cadunt3
603 3057 652 3120 ita
674 3057 843 3128 verborum
866 3059 959 3121 vetus
983 3057 1093 3120 interit
1118 3057 1217 3134 aetas

311 3162 353 3224 Et
377 3163 526 3226 iuvenum
549 3164 614 3227 ritu
636 3164 750 3229 flor'ent
773 3164 869 3228 modo
892 3161 977 3227 nata¹
993 3163 1187 3244 vigentque,‘

151 3271 184 3332 in
218 3272 346 3352 poetam
381 3269 622 3334 Sulmonensem
651 3271 789 3334 maxime
820 3271 931 3334 cadere
963 3269 1042 3333 mihi
1071 3269 1219 3332 videntur
1253 3267 1393 3331 eiusdem

151 3375 301 3440 Venusini
320 3375 354 3438 hi
369 3397 478 3440 versus
496 3397 593 3457 quam
615 3376 779 3458 pauhrlum
801 3377 908 3440 inflexi
916 3373 959 3459 4):

260 3483 434 3559 ,Vemens
463 3485 502 3545 et
530 3482 716 3564 liquidus
744 3505 928 3565 puroque
955 3481 1191 3545 simillimus
1220 3480 1325 3544 amni

259 3588 381 3652 Fudit
413 3611 508 3672 opes
543 3587 786 3671 Latiumque
821 3589 963 3654 beavit
999 3587 1131 3651 divite
1161 3586 1324 3668 lingua‘

242 3763 261 3834 ¹)
282 3765 312 3820 Ο.
331 3766 360 3819 F.
386 3764 546 3832 Gruppe:
574 3765 624 3817 Die
649 3753 719 3817 rbm.¹
744 3764 845 3834 Elegia,
870 3763 979 3834 Lipsiae
998 3762 1076 3831 1838,
1102 3781 1128 3832 p.
1154 3763 1206 3816 404
1232 3780 1287 3829 sq:
1325 3762 1393 3829 ,Von

151 3852 250 3921 Catull,
269 3855 390 3910 welchen
409 3854 457 3909 wir
475 3854 548 3906 noch
567 3870 598 3906 so
617 3854 718 3906 hochst
735 3853 923 3906 unbehiilflich
942 3852 1016 3906 seina
1034 3852 1175 3906 Distichen
1194 3848 1393 3916 bauen'sehen,

151 3942 193 3996 bis
212 3961 247 3997 zu
266 3943 363 4011 Tibull,
384 3962 420 3997 zu
438 3944 559 4011 Propera
578 3942 636 3995 und
655 3958 704 4010 gar
723 3959 759 3994 zu
778 3943 841 3994 dem
859 3942 999 3995 kosenden
1019 3941 1096 4009 01111,
1119 3940 1212 3995 welch'
1233 3940 1292 3992 eine
1311 3939 1393 3994 Skale

153 4033 201 4084 der
220 4030 529 4101 Sp1·achentwicklung.‘

242 4117 262 4187 2)
282 4119 412 4174 Conferas
432 4139 534 4188 quaeso
555 4120 613 4173 eius
632 4123 779 4173 comment.
798 4121 818 4187 I,
838 4117 880 4186 18,
901 4119 942 4186 24,
962 4117 1003 4187 29,
1024 4098 1160 4188 imprimis
1179 4119 1213 4174 35
1232 4136 1289 4186 sqq.

241 4205 262 4275 3)
281 4208 347 4260 Hor.
368 4209 445 4276 epist.
465 4211 499 4275 II,
519 4209 543 4276 3,
563 4207 598 4261 60
616 4227 674 4276 sqq.
695 4237 729 4296 ᾗ·
748 4205 770 4275 ⁴)
790 4208 826 4261 id.
846 4207 880 4261 ib.
900 4207 934 4274 ll,
954 4208 978 4274 2,
999 4207 1051 4261 120
1069 4225 1107 4274 sq,

575 4414 976 4434 -——-—·——
