<?xml version="1.0" encoding="UTF-8"?>
<!DOCTYPE html PUBLIC "-//W3C//DTD XHTML 1.0 Transitional//EN"
    "http://www.w3.org/TR/xhtml1/DTD/xhtml1-transitional.dtd">
<html xmlns="http://www.w3.org/1999/xhtml" xml:lang="en" lang="en">
 <head>
  <title>
</title>
<meta http-equiv="Content-Type" content="text/html;charset=utf-8" />
  <meta name='ocr-system' content='tesseract 3.04.00' />
  <meta name='ocr-capabilities' content='ocr_page ocr_carea ocr_par ocr_line ocrx_word'/>
</head>
<body>
  <div class='ocr_page' id='page_1' title='image "./depovidionasone00linsgoog_0014.png"; bbox 0 0 3190 4878; ppageno 0'>
   <div class='ocr_carea' id='block_1_1' title="bbox 780 124 800 190">
    <p class='ocr_par' dir='ltr' id='par_1_1' title="bbox 780 124 800 190">
     <span class='ocr_line' id='line_1_1' title="bbox 780 124 800 190; baseline 0 0"><span class='ocrx_word' id='word_1_1' title='bbox 780 124 800 190; x_wconf 83' lang='lat'>5</span> 
     </span>
    </p>
   </div>
   <div class='ocr_carea' id='block_1_2' title="bbox 686 217 899 224">
    <p class='ocr_par' dir='ltr' id='par_1_2' title="bbox 686 217 899 224">
     <span class='ocr_line' id='line_1_2' title="bbox 686 217 899 224; baseline -0.009 0"><span class='ocrx_word' id='word_1_2' title='bbox 686 217 899 224; x_wconf 78' lang='lat'><em>-—-—-·———</em></span> 
     </span>
    </p>
   </div>
   <div class='ocr_carea' id='block_1_3' title="bbox 172 339 1412 426">
    <p class='ocr_par' dir='ltr' id='par_1_3' title="bbox 172 339 1412 426">
     <span class='ocr_line' id='line_1_3' title="bbox 172 339 1412 426; baseline -0.002 -20"><span class='ocrx_word' id='word_1_3' title='bbox 172 365 304 407; x_wconf 91' lang='lat' dir='ltr'>anorum</span> <span class='ocrx_word' id='word_1_4' title='bbox 315 339 339 426; x_wconf 86' lang='lat'>¹)</span> <span class='ocrx_word' id='word_1_5' title='bbox 370 342 473 406; x_wconf 88' lang='lat' dir='ltr'>editor</span> <span class='ocrx_word' id='word_1_6' title='bbox 502 341 555 404; x_wconf 93' lang='lat' dir='ltr'>ille</span> <span class='ocrx_word' id='word_1_7' title='bbox 585 341 816 418; x_wconf 87' lang='lat' dir='ltr'>meritissimus,</span> <span class='ocrx_word' id='word_1_8' title='bbox 845 377 887 384; x_wconf 78' lang='lat'><em>-</em></span> <span class='ocrx_word' id='word_1_9' title='bbox 918 341 1000 403; x_wconf 89' lang='lat' dir='ltr'>inter</span> <span class='ocrx_word' id='word_1_10' title='bbox 1032 343 1194 405; x_wconf 89' lang='lat' dir='ltr'>nostrates</span> <span class='ocrx_word' id='word_1_11' title='bbox 1225 341 1346 425; x_wconf 91' lang='lat' dir='ltr'>primus</span> <span class='ocrx_word' id='word_1_12' title='bbox 1370 377 1412 386; x_wconf 90' lang='lat'>—</span> 
     </span>
    </p>
   </div>
   <div class='ocr_carea' id='block_1_4' title="bbox 4 446 1413 532">
    <p class='ocr_par' dir='ltr' id='par_1_4' title="bbox 4 446 1413 532">
     <span class='ocr_line' id='line_1_4' title="bbox 4 446 1413 532; baseline -0.003 -18"><span class='ocrx_word' id='word_1_13' title='bbox 4 512 12 524; x_wconf 92' lang='grc'><strong>,</strong></span> <span class='ocrx_word' id='word_1_14' title='bbox 90 516 92 520; x_wconf 75' lang='grc'><strong>,</strong></span> <span class='ocrx_word' id='word_1_15' title='bbox 172 450 278 532; x_wconf 92' lang='lat' dir='ltr'>quoad</span> <span class='ocrx_word' id='word_1_16' title='bbox 317 449 463 531; x_wconf 80' lang='lat' dir='ltr'>equidem</span> <span class='ocrx_word' id='word_1_17' title='bbox 501 448 567 513; x_wconf 89' lang='lat' dir='ltr'>seio</span> <span class='ocrx_word' id='word_1_18' title='bbox 603 483 645 492; x_wconf 77' lang='lat'><em>-</em></span> <span class='ocrx_word' id='word_1_19' title='bbox 679 447 713 510; x_wconf 92' lang='lat' dir='ltr'>in</span> <span class='ocrx_word' id='word_1_20' title='bbox 746 447 1047 529; x_wconf 74' lang='lat' dir='ltr'>metamorphoseon</span> <span class='ocrx_word' id='word_1_21' title='bbox 1082 446 1310 512; x_wconf 87' lang='lat' dir='ltr'>Ovidianarum</span> <span class='ocrx_word' id='word_1_22' title='bbox 1348 469 1413 510; x_wconf 90' lang='lat' dir='ltr'>ser-</span> 
     </span>
    </p>
   </div>
   <div class='ocr_carea' id='block_1_5' title="bbox 169 551 1453 1061">
    <p class='ocr_par' dir='ltr' id='par_1_5' title="bbox 169 551 1453 1061">
     <span class='ocr_line' id='line_1_5' title="bbox 170 551 1412 639; baseline -0.002 -20"><span class='ocrx_word' id='word_1_23' title='bbox 170 557 274 621; x_wconf 83' lang='lat' dir='ltr'>monis</span> <span class='ocrx_word' id='word_1_24' title='bbox 297 556 510 639; x_wconf 72' lang='lat' dir='ltr'>proprietates</span> <span class='ocrx_word' id='word_1_25' title='bbox 534 577 676 619; x_wconf 88' lang='lat' dir='ltr'>seorsum</span> <span class='ocrx_word' id='word_1_26' title='bbox 699 553 908 634; x_wconf 80' lang='lat' dir='ltr'>investigavit</span> <span class='ocrx_word' id='word_1_27' title='bbox 925 552 1106 618; x_wconf 87' lang='lat' dir='ltr'>Ludovicus</span> <span class='ocrx_word' id='word_1_28' title='bbox 1122 551 1302 636; x_wconf 66' lang='lat' dir='ltr'>Scheibe2).</span> <span class='ocrx_word' id='word_1_29' title='bbox 1343 553 1412 629; x_wconf 79' lang='lat' dir='ltr'>Quo</span> 
     </span>
     <span class='ocr_line' id='line_1_6' title="bbox 170 655 1453 746; baseline -0.001 -21"><span class='ocrx_word' id='word_1_30' title='bbox 170 662 378 727; x_wconf 88' lang='lat' dir='ltr'>fundamento</span> <span class='ocrx_word' id='word_1_31' title='bbox 401 662 529 726; x_wconf 86' lang='lat' dir='ltr'>innixus</span> <span class='ocrx_word' id='word_1_32' title='bbox 551 663 649 725; x_wconf 90' lang='lat' dir='ltr'>lulius</span> <span class='ocrx_word' id='word_1_33' title='bbox 664 661 766 725; x_wconf 81' lang='lat' dir='ltr'>Favre</span> <span class='ocrx_word' id='word_1_34' title='bbox 782 655 1066 741; x_wconf 73' lang='lat' dir='ltr'>Franco-Gallus3)</span> <span class='ocrx_word' id='word_1_35' title='bbox 1091 662 1264 742; x_wconf 84' lang='lat' dir='ltr'>postquam</span> <span class='ocrx_word' id='word_1_36' title='bbox 1286 662 1412 743; x_wconf 89' lang='lat' dir='ltr'>praeter</span> <span class='ocrx_word' id='word_1_37' title='bbox 1452 743 1453 746; x_wconf 7' lang='grc' dir='ltr'><strong>Ἴ</strong></span> 
     </span>
     <span class='ocr_line' id='line_1_7' title="bbox 170 765 1412 850; baseline -0.001 -19"><span class='ocrx_word' id='word_1_38' title='bbox 170 791 217 845; x_wconf 88' lang='lat' dir='ltr'>ea,</span> <span class='ocrx_word' id='word_1_39' title='bbox 251 790 332 849; x_wconf 88' lang='lat' dir='ltr'>quae</span> <span class='ocrx_word' id='word_1_40' title='bbox 363 769 395 831; x_wconf 92' lang='lat' dir='ltr'>in</span> <span class='ocrx_word' id='word_1_41' title='bbox 424 768 726 850; x_wconf 87' lang='lat' dir='ltr'>metamorphoseon</span> <span class='ocrx_word' id='word_1_42' title='bbox 757 766 846 829; x_wconf 92' lang='lat' dir='ltr'>libris</span> <span class='ocrx_word' id='word_1_43' title='bbox 878 765 973 830; x_wconf 89' lang='lat' dir='ltr'>obvia</span> <span class='ocrx_word' id='word_1_44' title='bbox 1004 767 1079 828; x_wconf 89' lang='lat' dir='ltr'>sunt</span> <span class='ocrx_word' id='word_1_45' title='bbox 1104 766 1261 830; x_wconf 89' lang='lat' dir='ltr'>voeabula</span> <span class='ocrx_word' id='word_1_46' title='bbox 1292 769 1412 831; x_wconf 90' lang='lat' dir='ltr'>novata</span> 
     </span>
     <span class='ocr_line' id='line_1_8' title="bbox 170 872 1411 956; baseline -0.002 -18"><span class='ocrx_word' id='word_1_47' title='bbox 170 891 210 938; x_wconf 85' lang='lat' dir='ltr'>ex</span> <span class='ocrx_word' id='word_1_48' title='bbox 237 875 366 956; x_wconf 89' lang='lat' dir='ltr'>reliquis</span> <span class='ocrx_word' id='word_1_49' title='bbox 392 897 517 956; x_wconf 92' lang='lat' dir='ltr'>quoque</span> <span class='ocrx_word' id='word_1_50' title='bbox 542 873 690 956; x_wconf 90' lang='lat' dir='ltr'>operibus</span> <span class='ocrx_word' id='word_1_51' title='bbox 715 873 879 937; x_wconf 89' lang='lat' dir='ltr'>Ovidianis</span> <span class='ocrx_word' id='word_1_52' title='bbox 907 895 991 936; x_wconf 91' lang='lat' dir='ltr'>nova</span> <span class='ocrx_word' id='word_1_53' title='bbox 1020 872 1177 954; x_wconf 84' lang='lat' dir='ltr'>quaedam</span> <span class='ocrx_word' id='word_1_54' title='bbox 1208 873 1333 937; x_wconf 90' lang='lat' dir='ltr'>addidit</span> <span class='ocrx_word' id='word_1_55' title='bbox 1363 893 1411 936; x_wconf 91' lang='lat' dir='ltr'>se-</span> 
     </span>
     <span class='ocr_line' id='line_1_9' title="bbox 169 977 1411 1061; baseline -0.002 -17"><span class='ocrx_word' id='word_1_56' title='bbox 169 981 263 1061; x_wconf 91' lang='lat' dir='ltr'>lecta,</span> <span class='ocrx_word' id='word_1_57' title='bbox 291 981 394 1045; x_wconf 90' lang='lat' dir='ltr'>tribus</span> <span class='ocrx_word' id='word_1_58' title='bbox 422 980 538 1045; x_wconf 86' lang='lat' dir='ltr'>abhinc</span> <span class='ocrx_word' id='word_1_59' title='bbox 567 980 658 1043; x_wconf 92' lang='lat' dir='ltr'>annis</span> <span class='ocrx_word' id='word_1_60' title='bbox 680 979 717 1042; x_wconf 87' lang='lat' dir='ltr'>A.</span> <span class='ocrx_word' id='word_1_61' title='bbox 741 979 881 1058; x_wconf 88' lang='lat' dir='ltr'>Draeger</span> <span class='ocrx_word' id='word_1_62' title='bbox 905 977 1057 1060; x_wconf 87' lang='lat' dir='ltr'>ampliore</span> <span class='ocrx_word' id='word_1_63' title='bbox 1080 979 1244 1061; x_wconf 91' lang='lat' dir='ltr'>provincia</span> <span class='ocrx_word' id='word_1_64' title='bbox 1268 982 1411 1044; x_wconf 86' lang='lat' dir='ltr'>assumta</span> 
     </span>
    </p>
   </div>
   <div class='ocr_carea' id='block_1_6' title="bbox 170 1084 1511 1170">
    <p class='ocr_par' dir='ltr' id='par_1_6' title="bbox 170 1084 1511 1170">
     <span class='ocr_line' id='line_1_10' title="bbox 170 1084 1511 1170; baseline -0.002 -17"><span class='ocrx_word' id='word_1_65' title='bbox 170 1089 380 1170; x_wconf 89' lang='lat' dir='ltr'>omnibusque</span> <span class='ocrx_word' id='word_1_66' title='bbox 418 1089 451 1151; x_wconf 93' lang='lat' dir='ltr'>in</span> <span class='ocrx_word' id='word_1_67' title='bbox 488 1109 581 1150; x_wconf 91' lang='lat' dir='ltr'>usum</span> <span class='ocrx_word' id='word_1_68' title='bbox 624 1086 748 1151; x_wconf 90' lang='lat' dir='ltr'>vocatis</span> <span class='ocrx_word' id='word_1_69' title='bbox 788 1085 980 1148; x_wconf 79' lang='lat' dir='ltr'>carminibus</span> <span class='ocrx_word' id='word_1_70' title='bbox 1020 1084 1184 1148; x_wconf 89' lang='lat' dir='ltr'>Ovidianis</span> <span class='ocrx_word' id='word_1_71' title='bbox 1224 1086 1410 1168; x_wconf 89' lang='lat' dir='ltr'>opusculum</span> <span class='ocrx_word' id='word_1_72' title='bbox 1509 1099 1511 1103; x_wconf 82' lang='grc'>’</span> 
     </span>
    </p>
   </div>
   <div class='ocr_carea' id='block_1_7' title="bbox 146 1187 1410 2447">
    <p class='ocr_par' dir='ltr' id='par_1_7' title="bbox 146 1187 1410 2234">
     <span class='ocr_line' id='line_1_11' title="bbox 159 1187 1410 1277; baseline 0 -21"><span class='ocrx_word' id='word_1_73' title='bbox 159 1194 245 1258; x_wconf 67' lang='lat' dir='ltr'>ruris</span> <span class='ocrx_word' id='word_1_74' title='bbox 268 1194 388 1277; x_wconf 83' lang='lat' dir='ltr'>publici</span> <span class='ocrx_word' id='word_1_75' title='bbox 410 1194 487 1257; x_wconf 85' lang='lat' dir='ltr'>fecit</span> <span class='ocrx_word' id='word_1_76' title='bbox 512 1194 549 1257; x_wconf 91' lang='lat' dir='ltr'>de</span> <span class='ocrx_word' id='word_1_77' title='bbox 574 1192 688 1256; x_wconf 91' lang='lat' dir='ltr'>Ovidio</span> <span class='ocrx_word' id='word_1_78' title='bbox 720 1191 873 1255; x_wconf 90' lang='lat' dir='ltr'>sermonis</span> <span class='ocrx_word' id='word_1_79' title='bbox 904 1190 997 1254; x_wconf 90' lang='lat' dir='ltr'>latini</span> <span class='ocrx_word' id='word_1_80' title='bbox 1020 1187 1292 1273; x_wconf 73' lang='lat' dir='ltr'>amplificatore4).</span> <span class='ocrx_word' id='word_1_81' title='bbox 1341 1190 1410 1266; x_wconf 84' lang='lat' dir='ltr'>Qua</span> 
     </span>
     <span class='ocr_line' id='line_1_12' title="bbox 167 1296 1410 1381; baseline -0.001 -18"><span class='ocrx_word' id='word_1_82' title='bbox 167 1301 256 1364; x_wconf 88' lang='lat' dir='ltr'>inre</span> <span class='ocrx_word' id='word_1_83' title='bbox 280 1300 451 1364; x_wconf 88' lang='lat' dir='ltr'>tractanda</span> <span class='ocrx_word' id='word_1_84' title='bbox 481 1321 594 1381; x_wconf 89' lang='lat' dir='ltr'>parum</span> <span class='ocrx_word' id='word_1_85' title='bbox 624 1300 772 1362; x_wconf 90' lang='lat' dir='ltr'>accurate</span> <span class='ocrx_word' id='word_1_86' title='bbox 804 1298 906 1378; x_wconf 82' lang='lat' dir='ltr'>egisse</span> <span class='ocrx_word' id='word_1_87' title='bbox 934 1319 1067 1378; x_wconf 89' lang='lat' dir='ltr'>eamque</span> <span class='ocrx_word' id='word_1_88' title='bbox 1095 1296 1346 1380; x_wconf 88' lang='lat' dir='ltr'>haudquaquam</span> <span class='ocrx_word' id='word_1_89' title='bbox 1369 1299 1410 1362; x_wconf 92' lang='lat' dir='ltr'>ad</span> 
     </span>
     <span class='ocr_line' id='line_1_13' title="bbox 146 1404 1409 1490; baseline 0 -20"><span class='ocrx_word' id='word_1_90' title='bbox 146 1407 262 1471; x_wconf 82' lang='lat' dir='ltr'>&#39;finem</span> <span class='ocrx_word' id='word_1_91' title='bbox 285 1406 470 1490; x_wconf 86' lang='lat' dir='ltr'>perduxisse</span> <span class='ocrx_word' id='word_1_92' title='bbox 493 1405 597 1468; x_wconf 91' lang='lat' dir='ltr'>virum</span> <span class='ocrx_word' id='word_1_93' title='bbox 620 1404 709 1468; x_wconf 93' lang='lat' dir='ltr'>illum</span> <span class='ocrx_word' id='word_1_94' title='bbox 733 1405 918 1486; x_wconf 88' lang='lat' dir='ltr'>ceteroquin</span> <span class='ocrx_word' id='word_1_95' title='bbox 943 1406 981 1469; x_wconf 91' lang='lat' dir='ltr'>de</span> <span class='ocrx_word' id='word_1_96' title='bbox 999 1405 1223 1489; x_wconf 90' lang='lat' dir='ltr'>promovendis</span> <span class='ocrx_word' id='word_1_97' title='bbox 1247 1405 1409 1486; x_wconf 87' lang='lat' dir='ltr'>quaestio-</span> 
     </span>
     <span class='ocr_line' id='line_1_14' title="bbox 167 1510 1409 1594; baseline -0.001 -19"><span class='ocrx_word' id='word_1_98' title='bbox 167 1513 271 1592; x_wconf 89' lang='lat' dir='ltr'>nibus,</span> <span class='ocrx_word' id='word_1_99' title='bbox 289 1535 370 1593; x_wconf 91' lang='lat' dir='ltr'>quae</span> <span class='ocrx_word' id='word_1_100' title='bbox 386 1513 427 1575; x_wconf 90' lang='lat' dir='ltr'>ad</span> <span class='ocrx_word' id='word_1_101' title='bbox 442 1511 610 1592; x_wconf 88' lang='lat' dir='ltr'>historiam</span> <span class='ocrx_word' id='word_1_102' title='bbox 626 1510 752 1591; x_wconf 86' lang='lat' dir='ltr'>linguae</span> <span class='ocrx_word' id='word_1_103' title='bbox 769 1511 888 1575; x_wconf 89' lang='lat' dir='ltr'>latinae</span> <span class='ocrx_word' id='word_1_104' title='bbox 904 1515 1061 1594; x_wconf 89' lang='lat' dir='ltr'>spectant,</span> <span class='ocrx_word' id='word_1_105' title='bbox 1079 1511 1317 1576; x_wconf 87' lang='lat' dir='ltr'>meritissimum</span> <span class='ocrx_word' id='word_1_106' title='bbox 1334 1533 1409 1575; x_wconf 92' lang='lat' dir='ltr'>con-</span> 
     </span>
     <span class='ocr_line' id='line_1_15' title="bbox 168 1615 1408 1702; baseline 0.002 -23"><span class='ocrx_word' id='word_1_107' title='bbox 168 1617 320 1694; x_wconf 88' lang='lat' dir='ltr'>sentiunt,</span> <span class='ocrx_word' id='word_1_108' title='bbox 347 1640 443 1700; x_wconf 90' lang='lat' dir='ltr'>penes</span> <span class='ocrx_word' id='word_1_109' title='bbox 468 1639 547 1702; x_wconf 87' lang='lat' dir='ltr'>quos</span> <span class='ocrx_word' id='word_1_110' title='bbox 570 1620 620 1681; x_wconf 91' lang='lat' dir='ltr'>est</span> <span class='ocrx_word' id='word_1_111' title='bbox 643 1617 757 1680; x_wconf 91' lang='lat' dir='ltr'>harum</span> <span class='ocrx_word' id='word_1_112' title='bbox 781 1618 1006 1699; x_wconf 88' lang='lat' dir='ltr'>quaestionum</span> <span class='ocrx_word' id='word_1_113' title='bbox 1029 1615 1213 1701; x_wconf 72' lang='lat' dir='ltr'>iudicium5)</span> <span class='ocrx_word' id='word_1_114' title='bbox 1238 1618 1408 1683; x_wconf 89' lang='lat' dir='ltr'>iudicabit-</span> 
     </span>
     <span class='ocr_line' id='line_1_16' title="bbox 168 1724 1408 1806; baseline 0.001 -21"><span class='ocrx_word' id='word_1_115' title='bbox 168 1745 238 1805; x_wconf 92' lang='lat' dir='ltr'>que,</span> <span class='ocrx_word' id='word_1_116' title='bbox 271 1724 451 1806; x_wconf 90' lang='lat' dir='ltr'>quicunque</span> <span class='ocrx_word' id='word_1_117' title='bbox 474 1725 525 1788; x_wconf 91' lang='lat' dir='ltr'>vel</span> <span class='ocrx_word' id='word_1_118' title='bbox 548 1724 651 1788; x_wconf 91' lang='lat' dir='ltr'>obiter</span> <span class='ocrx_word' id='word_1_119' title='bbox 674 1725 707 1788; x_wconf 90' lang='lat' dir='ltr'>in</span> <span class='ocrx_word' id='word_1_120' title='bbox 730 1724 914 1788; x_wconf 85' lang='lat' dir='ltr'>lectitandis</span> <span class='ocrx_word' id='word_1_121' title='bbox 942 1725 1134 1789; x_wconf 89' lang='lat' dir='ltr'>carminibus</span> <span class='ocrx_word' id='word_1_122' title='bbox 1160 1725 1323 1790; x_wconf 87' lang='lat' dir='ltr'>Ovidianis</span> <span class='ocrx_word' id='word_1_123' title='bbox 1347 1725 1408 1788; x_wconf 89' lang='lat' dir='ltr'>erit</span> 
     </span>
     <span class='ocr_line' id='line_1_17' title="bbox 166 1828 1406 1912; baseline 0.002 -21"><span class='ocrx_word' id='word_1_124' title='bbox 166 1832 321 1894; x_wconf 87' lang='lat' dir='ltr'>versatus.</span> <span class='ocrx_word' id='word_1_125' title='bbox 358 1828 640 1895; x_wconf 86' lang='lat' dir='ltr'>Conclamantibus</span> <span class='ocrx_word' id='word_1_126' title='bbox 663 1832 762 1912; x_wconf 89' lang='lat' dir='ltr'>igitur</span> <span class='ocrx_word' id='word_1_127' title='bbox 786 1832 939 1894; x_wconf 91' lang='lat' dir='ltr'>sermonis</span> <span class='ocrx_word' id='word_1_128' title='bbox 964 1831 1113 1895; x_wconf 88' lang='lat' dir='ltr'>Ovidiani</span> <span class='ocrx_word' id='word_1_129' title='bbox 1136 1832 1406 1908; x_wconf 72' lang='lat' dir='ltr'>aestimatoribus</span> 
     </span>
     <span class='ocr_line' id='line_1_18' title="bbox 165 1936 1407 2021; baseline 0.002 -22"><span class='ocrx_word' id='word_1_130' title='bbox 165 1937 203 1999; x_wconf 88' lang='lat' dir='ltr'>ut</span> <span class='ocrx_word' id='word_1_131' title='bbox 231 1936 334 2001; x_wconf 90' lang='lat' dir='ltr'>denuo</span> <span class='ocrx_word' id='word_1_132' title='bbox 362 1937 573 2018; x_wconf 89' lang='lat' dir='ltr'>investigetur</span> <span class='ocrx_word' id='word_1_133' title='bbox 601 1939 635 2002; x_wconf 93' lang='lat' dir='ltr'>in</span> <span class='ocrx_word' id='word_1_134' title='bbox 662 1940 776 2021; x_wconf 71' lang='lat' dir='ltr'>poetae</span> <span class='ocrx_word' id='word_1_135' title='bbox 800 1938 944 2018; x_wconf 90' lang='lat' dir='ltr'>Paeligni</span> <span class='ocrx_word' id='word_1_136' title='bbox 970 1940 1071 2002; x_wconf 88' lang='lat' dir='ltr'>artem</span> <span class='ocrx_word' id='word_1_137' title='bbox 1099 1937 1326 2002; x_wconf 88' lang='lat' dir='ltr'>vocabulorum</span> <span class='ocrx_word' id='word_1_138' title='bbox 1349 1960 1407 2002; x_wconf 90' lang='lat' dir='ltr'>no-</span> 
     </span>
     <span class='ocr_line' id='line_1_19' title="bbox 166 2043 1407 2126; baseline 0.002 -20"><span class='ocrx_word' id='word_1_139' title='bbox 166 2043 350 2120; x_wconf 90' lang='lat' dir='ltr'>vandorum,</span> <span class='ocrx_word' id='word_1_140' title='bbox 377 2044 440 2107; x_wconf 89' lang='lat' dir='ltr'>iam</span> <span class='ocrx_word' id='word_1_141' title='bbox 459 2047 533 2108; x_wconf 89' lang='lat' dir='ltr'>acta</span> <span class='ocrx_word' id='word_1_142' title='bbox 552 2065 645 2125; x_wconf 89' lang='lat' dir='ltr'>agere</span> <span class='ocrx_word' id='word_1_143' title='bbox 663 2067 728 2109; x_wconf 90' lang='lat' dir='ltr'>non</span> <span class='ocrx_word' id='word_1_144' title='bbox 746 2045 923 2108; x_wconf 90' lang='lat' dir='ltr'>videbimur</span> <span class='ocrx_word' id='word_1_145' title='bbox 942 2067 1008 2108; x_wconf 90' lang='lat' dir='ltr'>rem</span> <span class='ocrx_word' id='word_1_146' title='bbox 1030 2044 1070 2108; x_wconf 88' lang='lat' dir='ltr'>ab</span> <span class='ocrx_word' id='word_1_147' title='bbox 1095 2044 1165 2108; x_wconf 91' lang='lat' dir='ltr'>aliis</span> <span class='ocrx_word' id='word_1_148' title='bbox 1188 2043 1407 2126; x_wconf 86' lang='lat' dir='ltr'>imperfectam</span> 
     </span>
     <span class='ocr_line' id='line_1_20' title="bbox 164 2149 1078 2234; baseline 0 -22"><span class='ocrx_word' id='word_1_149' title='bbox 164 2149 308 2212; x_wconf 90' lang='lat' dir='ltr'>relictam</span> <span class='ocrx_word' id='word_1_150' title='bbox 332 2149 465 2232; x_wconf 90' lang='lat' dir='ltr'>plenius,</span> <span class='ocrx_word' id='word_1_151' title='bbox 491 2151 598 2232; x_wconf 88' lang='lat' dir='ltr'>quoad</span> <span class='ocrx_word' id='word_1_152' title='bbox 619 2152 687 2214; x_wconf 90' lang='lat' dir='ltr'>fieri</span> <span class='ocrx_word' id='word_1_153' title='bbox 710 2152 839 2234; x_wconf 87' lang='lat' dir='ltr'>poterit,</span> <span class='ocrx_word' id='word_1_154' title='bbox 864 2151 1078 2215; x_wconf 82' lang='lat' dir='ltr'>retractaturi.</span> 
     </span>
    </p>

    <p class='ocr_par' dir='ltr' id='par_1_8' title="bbox 165 2256 1405 2447">
     <span class='ocr_line' id='line_1_21' title="bbox 253 2256 1404 2341; baseline 0.003 -23"><span class='ocrx_word' id='word_1_155' title='bbox 253 2256 321 2320; x_wconf 89' lang='lat' dir='ltr'>lam</span> <span class='ocrx_word' id='word_1_156' title='bbox 343 2278 419 2320; x_wconf 91' lang='lat' dir='ltr'>vero</span> <span class='ocrx_word' id='word_1_157' title='bbox 442 2258 628 2340; x_wconf 88' lang='lat' dir='ltr'>priusquam</span> <span class='ocrx_word' id='word_1_158' title='bbox 652 2259 755 2340; x_wconf 91' lang='lat' dir='ltr'>ipsum</span> <span class='ocrx_word' id='word_1_159' title='bbox 780 2259 980 2341; x_wconf 87' lang='lat' dir='ltr'>propositum</span> <span class='ocrx_word' id='word_1_160' title='bbox 1003 2261 1148 2322; x_wconf 89' lang='lat' dir='ltr'>nostrum</span> <span class='ocrx_word' id='word_1_161' title='bbox 1172 2258 1404 2338; x_wconf 82' lang='lat' dir='ltr'>aggrediamur,</span> 
     </span>
     <span class='ocr_line' id='line_1_22' title="bbox 165 2361 1405 2447; baseline 0.004 -23"><span class='ocrx_word' id='word_1_162' title='bbox 165 2361 273 2444; x_wconf 91' lang='lat' dir='ltr'>paullo</span> <span class='ocrx_word' id='word_1_163' title='bbox 303 2363 484 2427; x_wconf 85' lang='lat' dir='ltr'>accuratius</span> <span class='ocrx_word' id='word_1_164' title='bbox 509 2363 831 2428; x_wconf 88' lang='lat' dir='ltr'>circumscribendum</span> <span class='ocrx_word' id='word_1_165' title='bbox 858 2364 952 2428; x_wconf 90' lang='lat' dir='ltr'>nobis</span> <span class='ocrx_word' id='word_1_166' title='bbox 975 2365 1111 2442; x_wconf 90' lang='lat' dir='ltr'>videtur,</span> <span class='ocrx_word' id='word_1_167' title='bbox 1144 2363 1259 2447; x_wconf 91' lang='lat' dir='ltr'>quibus</span> <span class='ocrx_word' id='word_1_168' title='bbox 1289 2365 1405 2429; x_wconf 91' lang='lat' dir='ltr'>finibus</span> 
     </span>
    </p>
   </div>
   <div class='ocr_carea' id='block_1_8' title="bbox 162 2553 1406 2714">
    <p class='ocr_par' dir='ltr' id='par_1_9' title="bbox 162 2553 1406 2714">
     <span class='ocr_line' id='line_1_23' title="bbox 255 2553 1405 2630; baseline 0 -20"><span class='ocrx_word' id='word_1_169' title='bbox 255 2553 273 2622; x_wconf 80' lang='lat'>¹)</span> <span class='ocrx_word' id='word_1_170' title='bbox 288 2555 351 2610; x_wconf 88' lang='lat' dir='ltr'>Vit.</span> <span class='ocrx_word' id='word_1_171' title='bbox 367 2557 470 2610; x_wconf 87' lang='lat' dir='ltr'>Loers</span> <span class='ocrx_word' id='word_1_172' title='bbox 489 2557 518 2608; x_wconf 91' lang='lat' dir='ltr'>in</span> <span class='ocrx_word' id='word_1_173' title='bbox 535 2557 677 2626; x_wconf 89' lang='lat' dir='ltr'>prooemio</span> <span class='ocrx_word' id='word_1_174' title='bbox 694 2557 848 2610; x_wconf 90' lang='lat' dir='ltr'>Heroidum</span> <span class='ocrx_word' id='word_1_175' title='bbox 867 2556 1003 2623; x_wconf 86' lang='lat' dir='ltr'>editionis,</span> <span class='ocrx_word' id='word_1_176' title='bbox 1023 2575 1049 2625; x_wconf 93' lang='lat' dir='ltr'>p.</span> <span class='ocrx_word' id='word_1_177' title='bbox 1062 2558 1155 2623; x_wconf 85' lang='lat' dir='ltr'>LXXI,</span> <span class='ocrx_word' id='word_1_178' title='bbox 1175 2558 1224 2610; x_wconf 92' lang='lat' dir='ltr'>ubi</span> <span class='ocrx_word' id='word_1_179' title='bbox 1242 2558 1310 2630; x_wconf 89' lang='lat' dir='ltr'>haec</span> <span class='ocrx_word' id='word_1_180' title='bbox 1329 2561 1405 2612; x_wconf 89' lang='lat' dir='ltr'>sunt:</span> 
     </span>
     <span class='ocr_line' id='line_1_24' title="bbox 162 2642 1406 2714; baseline 0.001 -16"><span class='ocrx_word' id='word_1_181' title='bbox 162 2646 195 2698; x_wconf 93' lang='lat' dir='ltr'>In</span> <span class='ocrx_word' id='word_1_182' title='bbox 224 2662 278 2712; x_wconf 89' lang='lat' dir='ltr'>qua</span> <span class='ocrx_word' id='word_1_183' title='bbox 307 2642 454 2714; x_wconf 82' lang='lat' dir='ltr'>(oratione)</span> <span class='ocrx_word' id='word_1_184' title='bbox 488 2646 571 2699; x_wconf 87' lang='lat' dir='ltr'>etiam</span> <span class='ocrx_word' id='word_1_185' title='bbox 609 2646 755 2714; x_wconf 87' lang='lat' dir='ltr'>singularis</span> <span class='ocrx_word' id='word_1_186' title='bbox 788 2647 924 2713; x_wconf 89' lang='lat' dir='ltr'>quaedam</span> <span class='ocrx_word' id='word_1_187' title='bbox 955 2649 1071 2714; x_wconf 89' lang='lat' dir='ltr'>apparet</span> <span class='ocrx_word' id='word_1_188' title='bbox 1102 2646 1194 2700; x_wconf 91' lang='lat' dir='ltr'>Ovidii</span> <span class='ocrx_word' id='word_1_189' title='bbox 1222 2646 1339 2700; x_wconf 84' lang='lat' dir='ltr'>facultas</span> <span class='ocrx_word' id='word_1_190' title='bbox 1371 2647 1406 2699; x_wconf 90' lang='lat' dir='ltr'>ad</span> 
     </span>
    </p>
   </div>
   <div class='ocr_carea' id='block_1_9' title="bbox 163 2733 1482 2803">
    <p class='ocr_par' dir='ltr' id='par_1_10' title="bbox 163 2733 1482 2803">
     <span class='ocr_line' id='line_1_25' title="bbox 163 2733 1482 2803; baseline 0.004 -17"><span class='ocrx_word' id='word_1_191' title='bbox 163 2733 273 2802; x_wconf 88' lang='lat' dir='ltr'>copiam</span> <span class='ocrx_word' id='word_1_192' title='bbox 298 2733 432 2787; x_wconf 88' lang='lat' dir='ltr'>sermonis</span> <span class='ocrx_word' id='word_1_193' title='bbox 450 2734 544 2787; x_wconf 89' lang='lat' dir='ltr'>Latini</span> <span class='ocrx_word' id='word_1_194' title='bbox 569 2735 724 2803; x_wconf 88' lang='lat' dir='ltr'>augendam</span> <span class='ocrx_word' id='word_1_195' title='bbox 750 2733 868 2788; x_wconf 88' lang='lat' dir='ltr'>inventis</span> <span class='ocrx_word' id='word_1_196' title='bbox 893 2734 972 2788; x_wconf 91' lang='lat' dir='ltr'>novis</span> <span class='ocrx_word' id='word_1_197' title='bbox 999 2733 1088 2801; x_wconf 89' lang='lat' dir='ltr'>iisque</span> <span class='ocrx_word' id='word_1_198' title='bbox 1115 2734 1264 2802; x_wconf 88' lang='lat' dir='ltr'>aptissimis</span> <span class='ocrx_word' id='word_1_199' title='bbox 1290 2735 1405 2789; x_wconf 89' lang='lat' dir='ltr'>vocibus</span> <span class='ocrx_word' id='word_1_200' title='bbox 1481 2787 1482 2791; x_wconf 74' lang='grc'><strong>,</strong></span> 
     </span>
    </p>
   </div>
   <div class='ocr_carea' id='block_1_10' title="bbox 155 2822 1494 4503">
    <p class='ocr_par' dir='ltr' id='par_1_11' title="bbox 160 2822 1405 3156">
     <span class='ocr_line' id='line_1_26' title="bbox 163 2822 1405 2890; baseline 0.002 -16"><span class='ocrx_word' id='word_1_201' title='bbox 163 2825 191 2875; x_wconf 90' lang='lat' dir='ltr'>et</span> <span class='ocrx_word' id='word_1_202' title='bbox 215 2822 415 2888; x_wconf 74' lang='lat' dir='ltr'>locutionibus,</span> <span class='ocrx_word' id='word_1_203' title='bbox 442 2841 497 2890; x_wconf 91' lang='lat' dir='ltr'>quo</span> <span class='ocrx_word' id='word_1_204' title='bbox 524 2824 604 2877; x_wconf 88' lang='lat' dir='ltr'>unice</span> <span class='ocrx_word' id='word_1_205' title='bbox 627 2823 795 2876; x_wconf 84' lang='lat' dir='ltr'>latinitatem</span> <span class='ocrx_word' id='word_1_206' title='bbox 820 2823 922 2877; x_wconf 88' lang='lat' dir='ltr'>iuvisse</span> <span class='ocrx_word' id='word_1_207' title='bbox 939 2824 1083 2877; x_wconf 84' lang='lat' dir='ltr'>Nasonem</span> <span class='ocrx_word' id='word_1_208' title='bbox 1098 2827 1172 2876; x_wconf 87' lang='lat' dir='ltr'>recte</span> <span class='ocrx_word' id='word_1_209' title='bbox 1198 2823 1306 2876; x_wconf 91' lang='lat' dir='ltr'>monuit</span> <span class='ocrx_word' id='word_1_210' title='bbox 1333 2824 1405 2877; x_wconf 88' lang='lat' dir='ltr'>inter</span> 
     </span>
     <span class='ocr_line' id='line_1_27' title="bbox 161 2911 1403 2982; baseline 0.003 -20"><span class='ocrx_word' id='word_1_211' title='bbox 161 2915 271 2964; x_wconf 88' lang='lat' dir='ltr'>nostros</span> <span class='ocrx_word' id='word_1_212' title='bbox 291 2911 416 2965; x_wconf 88' lang='lat' dir='ltr'>homines</span> <span class='ocrx_word' id='word_1_213' title='bbox 438 2913 614 2966; x_wconf 85' lang='lat' dir='ltr'>acutissimus</span> <span class='ocrx_word' id='word_1_214' title='bbox 632 2913 791 2967; x_wconf 87' lang='lat' dir='ltr'>Latinitatis</span> <span class='ocrx_word' id='word_1_215' title='bbox 813 2913 896 2966; x_wconf 88' lang='lat' dir='ltr'>iudex</span> <span class='ocrx_word' id='word_1_216' title='bbox 917 2914 961 2965; x_wconf 89' lang='lat' dir='ltr'>Fr.</span> <span class='ocrx_word' id='word_1_217' title='bbox 979 2914 1057 2982; x_wconf 89' lang='lat' dir='ltr'>Aug.</span> <span class='ocrx_word' id='word_1_218' title='bbox 1070 2912 1216 2966; x_wconf 88' lang='lat' dir='ltr'>Wolfius.</span> <span class='ocrx_word' id='word_1_219' title='bbox 1230 2941 1264 2950; x_wconf 75' lang='grc'>-</span> <span class='ocrx_word' id='word_1_220' title='bbox 1278 2911 1316 2966; x_wconf 84' lang='lat' dir='ltr'>Cf.</span> <span class='ocrx_word' id='word_1_221' title='bbox 1330 2913 1359 2965; x_wconf 88' lang='lat' dir='ltr'>F.</span> <span class='ocrx_word' id='word_1_222' title='bbox 1372 2913 1403 2966; x_wconf 79' lang='lat' dir='ltr'>A.</span> 
     </span>
     <span class='ocr_line' id='line_1_28' title="bbox 160 2999 1403 3070; baseline 0 -17"><span class='ocrx_word' id='word_1_223' title='bbox 160 2999 248 3053; x_wconf 79' lang='lat' dir='ltr'>Wolf</span> <span class='ocrx_word' id='word_1_224' title='bbox 254 3017 259 3051; x_wconf 93' lang='lat'>:</span> <span class='ocrx_word' id='word_1_225' title='bbox 297 2999 450 3070; x_wconf 88' lang='lat' dir='ltr'>Vorlesung</span> <span class='ocrx_word' id='word_1_226' title='bbox 476 3002 522 3054; x_wconf 79' lang='lat' dir='ltr'>ab.</span> <span class='ocrx_word' id='word_1_227' title='bbox 550 3002 593 3054; x_wconf 88' lang='lat' dir='ltr'>die</span> <span class='ocrx_word' id='word_1_228' title='bbox 619 3001 781 3054; x_wconf 84' lang='lat' dir='ltr'>Geschichte</span> <span class='ocrx_word' id='word_1_229' title='bbox 810 3001 858 3054; x_wconf 90' lang='lat' dir='ltr'>der</span> <span class='ocrx_word' id='word_1_230' title='bbox 883 3005 952 3054; x_wconf 79' lang='lat' dir='ltr'>rdm.</span> <span class='ocrx_word' id='word_1_231' title='bbox 980 3000 1055 3066; x_wconf 84' lang='lat' dir='ltr'>Litt,</span> <span class='ocrx_word' id='word_1_232' title='bbox 1086 3001 1126 3053; x_wconf 90' lang='lat' dir='ltr'>ed.</span> <span class='ocrx_word' id='word_1_233' title='bbox 1153 3001 1175 3057; x_wconf 90' lang='grc' dir='ltr'>Ι.</span> <span class='ocrx_word' id='word_1_234' title='bbox 1200 3001 1230 3052; x_wconf 91' lang='lat' dir='ltr'>D.</span> <span class='ocrx_word' id='word_1_235' title='bbox 1258 2999 1403 3068; x_wconf 78' lang='lat' dir='ltr'>Giirtler,</span> 
     </span>
     <span class='ocr_line' id='line_1_29' title="bbox 160 3086 491 3156; baseline 0.009 -18"><span class='ocrx_word' id='word_1_236' title='bbox 160 3086 269 3154; x_wconf 88' lang='lat' dir='ltr'>Lipsiae</span> <span class='ocrx_word' id='word_1_237' title='bbox 289 3086 366 3154; x_wconf 84' lang='lat'>1832,</span> <span class='ocrx_word' id='word_1_238' title='bbox 385 3107 411 3156; x_wconf 91' lang='lat' dir='ltr'>p.</span> <span class='ocrx_word' id='word_1_239' title='bbox 431 3087 491 3142; x_wconf 84' lang='lat'>194.</span> 
     </span>
    </p>

    <p class='ocr_par' dir='ltr' id='par_1_12' title="bbox 160 3173 1402 3336">
     <span class='ocr_line' id='line_1_30' title="bbox 251 3173 1402 3247; baseline 0.003 -20"><span class='ocrx_word' id='word_1_240' title='bbox 251 3173 271 3242; x_wconf 77' lang='lat' dir='ltr'>a)</span> <span class='ocrx_word' id='word_1_241' title='bbox 289 3176 319 3228; x_wconf 93' lang='lat' dir='ltr'>L.</span> <span class='ocrx_word' id='word_1_242' title='bbox 333 3175 486 3230; x_wconf 86' lang='lat' dir='ltr'>Scheibe:</span> <span class='ocrx_word' id='word_1_243' title='bbox 506 3179 545 3230; x_wconf 90' lang='lat' dir='ltr'>De</span> <span class='ocrx_word' id='word_1_244' title='bbox 562 3179 696 3232; x_wconf 89' lang='lat' dir='ltr'>sermonis</span> <span class='ocrx_word' id='word_1_245' title='bbox 710 3178 837 3232; x_wconf 87' lang='lat' dir='ltr'>Ovidiani</span> <span class='ocrx_word' id='word_1_246' title='bbox 855 3178 1080 3247; x_wconf 89' lang='lat' dir='ltr'>proprietatibus,</span> <span class='ocrx_word' id='word_1_247' title='bbox 1101 3177 1196 3244; x_wconf 88' lang='lat' dir='ltr'>quales</span> <span class='ocrx_word' id='word_1_248' title='bbox 1214 3178 1243 3229; x_wconf 90' lang='lat' dir='ltr'>in</span> <span class='ocrx_word' id='word_1_249' title='bbox 1255 3179 1402 3233; x_wconf 88' lang='lat' dir='ltr'>Metamor-</span> 
     </span>
     <span class='ocr_line' id='line_1_31' title="bbox 160 3263 1137 3336; baseline 0.002 -20"><span class='ocrx_word' id='word_1_250' title='bbox 160 3263 285 3331; x_wconf 91' lang='lat' dir='ltr'>phoseon</span> <span class='ocrx_word' id='word_1_251' title='bbox 303 3264 380 3319; x_wconf 87' lang='lat' dir='ltr'>libris</span> <span class='ocrx_word' id='word_1_252' title='bbox 399 3267 613 3336; x_wconf 88' lang='lat' dir='ltr'>perspiciuntur,</span> <span class='ocrx_word' id='word_1_253' title='bbox 633 3267 661 3320; x_wconf 90' lang='lat' dir='ltr'>in</span> <span class='ocrx_word' id='word_1_254' title='bbox 680 3285 772 3336; x_wconf 90' lang='lat' dir='ltr'>progr.</span> <span class='ocrx_word' id='word_1_255' title='bbox 791 3264 1041 3321; x_wconf 88' lang='lat' dir='ltr'>Halberstadtiensi</span> <span class='ocrx_word' id='word_1_256' title='bbox 1059 3265 1137 3318; x_wconf 87' lang='lat'>1880.</span> 
     </span>
    </p>

    <p class='ocr_par' dir='ltr' id='par_1_13' title="bbox 159 3350 1402 3507">
     <span class='ocr_line' id='line_1_32' title="bbox 249 3350 1402 3424; baseline 0.003 -18"><span class='ocrx_word' id='word_1_257' title='bbox 249 3350 270 3421; x_wconf 78' lang='lat'>⁸)</span> <span class='ocrx_word' id='word_1_258' title='bbox 288 3353 378 3408; x_wconf 91' lang='lat' dir='ltr'>Iules</span> <span class='ocrx_word' id='word_1_259' title='bbox 396 3357 514 3410; x_wconf 87' lang='lat' dir='ltr'>Favre:</span> <span class='ocrx_word' id='word_1_260' title='bbox 542 3357 582 3410; x_wconf 91' lang='lat' dir='ltr'>De</span> <span class='ocrx_word' id='word_1_261' title='bbox 601 3356 699 3411; x_wconf 80' lang='lat' dir='ltr'>Ouidio</span> <span class='ocrx_word' id='word_1_262' title='bbox 723 3359 857 3410; x_wconf 85' lang='lat' dir='ltr'>novatore</span> <span class='ocrx_word' id='word_1_263' title='bbox 875 3356 1077 3410; x_wconf 87' lang='lat' dir='ltr'>vocabulorum</span> <span class='ocrx_word' id='word_1_264' title='bbox 1096 3356 1123 3408; x_wconf 90' lang='lat' dir='ltr'>in</span> <span class='ocrx_word' id='word_1_265' title='bbox 1142 3355 1402 3424; x_wconf 83' lang='lat' dir='ltr'>Metamorphoseon</span> 
     </span>
     <span class='ocr_line' id='line_1_33' title="bbox 159 3441 474 3507; baseline 0.01 -13"><span class='ocrx_word' id='word_1_266' title='bbox 159 3441 244 3507; x_wconf 79' lang='lat' dir='ltr'>libris,</span> <span class='ocrx_word' id='word_1_267' title='bbox 264 3442 377 3496; x_wconf 89' lang='lat' dir='ltr'>Parisiis</span> <span class='ocrx_word' id='word_1_268' title='bbox 396 3443 474 3498; x_wconf 82' lang='lat'>1885.</span> 
     </span>
    </p>

    <p class='ocr_par' dir='ltr' id='par_1_14' title="bbox 249 3528 1399 3602">
     <span class='ocr_line' id='line_1_34' title="bbox 249 3528 1399 3602; baseline 0.004 -19"><span class='ocrx_word' id='word_1_269' title='bbox 249 3528 270 3599; x_wconf 78' lang='lat'>⁴)</span> <span class='ocrx_word' id='word_1_270' title='bbox 289 3532 320 3584; x_wconf 83' lang='lat' dir='ltr'>A.</span> <span class='ocrx_word' id='word_1_271' title='bbox 339 3533 498 3601; x_wconf 87' lang='lat' dir='ltr'>Draeger:</span> <span class='ocrx_word' id='word_1_272' title='bbox 523 3533 593 3588; x_wconf 92' lang='lat' dir='ltr'>Ovid</span> <span class='ocrx_word' id='word_1_273' title='bbox 612 3534 652 3587; x_wconf 90' lang='lat' dir='ltr'>als</span> <span class='ocrx_word' id='word_1_274' title='bbox 672 3533 894 3602; x_wconf 85' lang='lat' dir='ltr'>Spraehbildner,</span> <span class='ocrx_word' id='word_1_275' title='bbox 914 3550 1007 3602; x_wconf 87' lang='lat' dir='ltr'>progr.</span> <span class='ocrx_word' id='word_1_276' title='bbox 1027 3550 1118 3601; x_wconf 85' lang='lat' dir='ltr'>gymn.</span> <span class='ocrx_word' id='word_1_277' title='bbox 1136 3533 1302 3600; x_wconf 79' lang='lat' dir='ltr'>AuricensiS,</span> <span class='ocrx_word' id='word_1_278' title='bbox 1323 3534 1399 3588; x_wconf 87' lang='lat'>1888.</span> 
     </span>
    </p>

    <p class='ocr_par' dir='ltr' id='par_1_15' title="bbox 247 3617 1399 3692">
     <span class='ocr_line' id='line_1_35' title="bbox 247 3617 1399 3692; baseline 0.003 -18"><span class='ocrx_word' id='word_1_279' title='bbox 247 3617 269 3688; x_wconf 83' lang='lat'>⁵)</span> <span class='ocrx_word' id='word_1_280' title='bbox 290 3619 329 3674; x_wconf 81' lang='lat' dir='ltr'>Cf.</span> <span class='ocrx_word' id='word_1_281' title='bbox 348 3622 368 3674; x_wconf 96' lang='grc' dir='ltr'>Ι.</span> <span class='ocrx_word' id='word_1_282' title='bbox 386 3621 419 3675; x_wconf 87' lang='grc' dir='ltr'>Η.</span> <span class='ocrx_word' id='word_1_283' title='bbox 441 3623 593 3676; x_wconf 84' lang='lat' dir='ltr'>Schmalz</span> <span class='ocrx_word' id='word_1_284' title='bbox 617 3623 646 3675; x_wconf 92' lang='lat' dir='ltr'>in</span> <span class='ocrx_word' id='word_1_285' title='bbox 664 3623 816 3678; x_wconf 84' lang='lat' dir='ltr'>Woelfflini</span> <span class='ocrx_word' id='word_1_286' title='bbox 841 3623 947 3691; x_wconf 88' lang='lat' dir='ltr'>ephem.</span> <span class='ocrx_word' id='word_1_287' title='bbox 966 3622 1044 3674; x_wconf 85' lang='lat' dir='ltr'>lexic.</span> <span class='ocrx_word' id='word_1_288' title='bbox 1065 3625 1132 3675; x_wconf 83' lang='lat' dir='ltr'>tom.</span> <span class='ocrx_word' id='word_1_289' title='bbox 1146 3623 1176 3687; x_wconf 86' lang='lat' dir='ltr'>V,</span> <span class='ocrx_word' id='word_1_290' title='bbox 1196 3621 1273 3689; x_wconf 90' lang='lat'>1888,</span> <span class='ocrx_word' id='word_1_291' title='bbox 1293 3641 1320 3692; x_wconf 92' lang='lat' dir='ltr'>p.</span> <span class='ocrx_word' id='word_1_292' title='bbox 1339 3623 1399 3678; x_wconf 89' lang='lat'>310.</span> 
     </span>
    </p>

    <p class='ocr_par' dir='ltr' id='par_1_16' title="bbox 247 3709 1398 3780">
     <span class='ocr_line' id='line_1_36' title="bbox 247 3709 1398 3780; baseline 0.001 -16"><span class='ocrx_word' id='word_1_293' title='bbox 247 3709 277 3764; x_wconf 81' lang='lat' dir='ltr'>G.</span> <span class='ocrx_word' id='word_1_294' title='bbox 286 3710 437 3765; x_wconf 88' lang='lat' dir='ltr'>Wartenb</span> <span class='ocrx_word' id='word_1_295' title='bbox 445 3729 479 3763; x_wconf 89' lang='lat' dir='ltr'>er</span> <span class='ocrx_word' id='word_1_296' title='bbox 484 3728 513 3780; x_wconf 91' lang='lat' dir='ltr'>g:</span> <span class='ocrx_word' id='word_1_297' title='bbox 526 3711 746 3766; x_wconf 82' lang='lat' dir='ltr'>Wochenschrilt</span> <span class='ocrx_word' id='word_1_298' title='bbox 756 3713 775 3764; x_wconf 86' lang='grc'><strong>1.</strong></span> <span class='ocrx_word' id='word_1_299' title='bbox 784 3711 861 3766; x_wconf 83' lang='lat' dir='ltr'>class</span> <span class='ocrx_word' id='word_1_300' title='bbox 872 3710 952 3776; x_wconf 87' lang='lat' dir='ltr'>Phil,</span> <span class='ocrx_word' id='word_1_301' title='bbox 962 3709 1168 3776; x_wconf 87' lang='lat' dir='ltr'>Berolini1888,</span> <span class='ocrx_word' id='word_1_302' title='bbox 1179 3711 1225 3765; x_wconf 89' lang='lat' dir='ltr'>Nr.</span> <span class='ocrx_word' id='word_1_303' title='bbox 1236 3711 1278 3778; x_wconf 82' lang='grc'>47,</span> <span class='ocrx_word' id='word_1_304' title='bbox 1289 3730 1314 3780; x_wconf 88' lang='lat' dir='ltr'>p.</span> <span class='ocrx_word' id='word_1_305' title='bbox 1322 3712 1398 3765; x_wconf 88' lang='grc'><strong>1426.</strong></span> 
     </span>
    </p>

    <p class='ocr_par' dir='ltr' id='par_1_17' title="bbox 245 3798 1494 3869">
     <span class='ocr_line' id='line_1_37' title="bbox 245 3798 1494 3869; baseline 0 -18"><span class='ocrx_word' id='word_1_306' title='bbox 245 3799 278 3851; x_wconf 90' lang='lat' dir='ltr'>H.</span> <span class='ocrx_word' id='word_1_307' title='bbox 298 3799 447 3869; x_wconf 88' lang='lat' dir='ltr'>Magnus:</span> <span class='ocrx_word' id='word_1_308' title='bbox 468 3800 598 3854; x_wconf 86' lang='lat' dir='ltr'>Zeitschr.</span> <span class='ocrx_word' id='word_1_309' title='bbox 618 3801 636 3854; x_wconf 88' lang='lat' dir='ltr'>f.</span> <span class='ocrx_word' id='word_1_310' title='bbox 657 3801 682 3854; x_wconf 94' lang='lat' dir='ltr'>d.</span> <span class='ocrx_word' id='word_1_311' title='bbox 702 3799 956 3866; x_wconf 82' lang='lat' dir='ltr'>Gymnasialwesen,</span> <span class='ocrx_word' id='word_1_312' title='bbox 975 3798 1193 3865; x_wconf 87' lang='lat' dir='ltr'>Berolim&#39;1889,</span> <span class='ocrx_word' id='word_1_313' title='bbox 1215 3818 1241 3868; x_wconf 90' lang='lat' dir='ltr'>p.</span> <span class='ocrx_word' id='word_1_314' title='bbox 1261 3800 1320 3854; x_wconf 88' lang='grc'><strong>124.</strong></span> <span class='ocrx_word' id='word_1_315' title='bbox 1489 3801 1494 3815; x_wconf 88' lang='grc'><em>“</em></span> 
     </span>
    </p>

    <p class='ocr_par' dir='ltr' id='par_1_18' title="bbox 155 3887 1398 4050">
     <span class='ocr_line' id='line_1_38' title="bbox 245 3887 1398 3958; baseline 0.004 -18"><span class='ocrx_word' id='word_1_316' title='bbox 245 3887 266 3940; x_wconf 89' lang='lat'>1.</span> <span class='ocrx_word' id='word_1_317' title='bbox 279 3889 455 3942; x_wconf 90' lang='lat' dir='ltr'>Tolkiehn:</span> <span class='ocrx_word' id='word_1_318' title='bbox 476 3889 675 3957; x_wconf 80' lang='lat' dir='ltr'>Quaestionum</span> <span class='ocrx_word' id='word_1_319' title='bbox 688 3890 723 3943; x_wconf 90' lang='lat' dir='ltr'>ad</span> <span class='ocrx_word' id='word_1_320' title='bbox 736 3889 863 3944; x_wconf 88' lang='lat' dir='ltr'>heroidas</span> <span class='ocrx_word' id='word_1_321' title='bbox 877 3888 1025 3943; x_wconf 90' lang='lat' dir='ltr'>Ovidianas</span> <span class='ocrx_word' id='word_1_322' title='bbox 1042 3888 1228 3958; x_wconf 86' lang='lat' dir='ltr'>spectantium</span> <span class='ocrx_word' id='word_1_323' title='bbox 1240 3889 1332 3958; x_wconf 86' lang='lat' dir='ltr'>capita</span> <span class='ocrx_word' id='word_1_324' title='bbox 1341 3891 1398 3957; x_wconf 85' lang='lat' dir='ltr'>VII,</span> 
     </span>
     <span class='ocr_line' id='line_1_39' title="bbox 155 3973 1179 4050; baseline 0.008 -25"><span class='ocrx_word' id='word_1_325' title='bbox 155 3973 265 4042; x_wconf 89' lang='lat' dir='ltr'>Lipsiae</span> <span class='ocrx_word' id='word_1_326' title='bbox 285 3976 361 4044; x_wconf 89' lang='lat'>1888,</span> <span class='ocrx_word' id='word_1_327' title='bbox 380 3996 406 4047; x_wconf 93' lang='lat' dir='ltr'>p.</span> <span class='ocrx_word' id='word_1_328' title='bbox 426 3979 469 4033; x_wconf 83' lang='lat'>86.</span> <span class='ocrx_word' id='word_1_329' title='bbox 918 4043 920 4048; x_wconf 28' lang='grc' dir='ltr'>Ι</span> <span class='ocrx_word' id='word_1_330' title='bbox 1177 4045 1179 4050; x_wconf 26' lang='grc' dir='ltr'>Ι</span> 
     </span>
    </p>

    <p class='ocr_par' dir='ltr' id='par_1_19' title="bbox 245 4065 1345 4137">
     <span class='ocr_line' id='line_1_40' title="bbox 245 4065 1345 4137; baseline 0.005 -21"><span class='ocrx_word' id='word_1_331' title='bbox 245 4065 276 4117; x_wconf 88' lang='lat' dir='ltr'>R.</span> <span class='ocrx_word' id='word_1_332' title='bbox 294 4065 442 4121; x_wconf 88' lang='lat' dir='ltr'>Ehwald:</span> <span class='ocrx_word' id='word_1_333' title='bbox 461 4068 585 4122; x_wconf 87' lang='lat' dir='ltr'>Berliner</span> <span class='ocrx_word' id='word_1_334' title='bbox 603 4068 698 4137; x_wconf 91' lang='lat' dir='ltr'>philol.</span> <span class='ocrx_word' id='word_1_335' title='bbox 717 4067 944 4134; x_wconf 86' lang='lat' dir='ltr'>Wochenschrift,</span> <span class='ocrx_word' id='word_1_336' title='bbox 965 4065 1042 4134; x_wconf 84' lang='lat'>1889,</span> <span class='ocrx_word' id='word_1_337' title='bbox 1061 4065 1108 4121; x_wconf 90' lang='lat' dir='ltr'>Nr.</span> <span class='ocrx_word' id='word_1_338' title='bbox 1129 4065 1219 4134; x_wconf 77' lang='grc'><strong>29130,</strong></span> <span class='ocrx_word' id='word_1_339' title='bbox 1238 4086 1264 4136; x_wconf 91' lang='lat' dir='ltr'>p.</span> <span class='ocrx_word' id='word_1_340' title='bbox 1285 4067 1345 4122; x_wconf 82' lang='grc'>927.</span> 
     </span>
    </p>

    <p class='ocr_par' dir='ltr' id='par_1_20' title="bbox 155 4153 1397 4407">
     <span class='ocr_line' id='line_1_41' title="bbox 244 4153 1396 4226; baseline 0.006 -22"><span class='ocrx_word' id='word_1_341' title='bbox 244 4153 288 4205; x_wconf 85' lang='lat' dir='ltr'>Fr.</span> <span class='ocrx_word' id='word_1_342' title='bbox 315 4153 406 4208; x_wconf 86' lang='lat' dir='ltr'>Seitz</span> <span class='ocrx_word' id='word_1_343' title='bbox 443 4156 472 4208; x_wconf 91' lang='lat' dir='ltr'>in</span> <span class='ocrx_word' id='word_1_344' title='bbox 498 4156 650 4210; x_wconf 84' lang='lat' dir='ltr'>Woelfflini</span> <span class='ocrx_word' id='word_1_345' title='bbox 681 4157 788 4224; x_wconf 89' lang='lat' dir='ltr'>ephem.</span> <span class='ocrx_word' id='word_1_346' title='bbox 820 4155 960 4226; x_wconf 78' lang='lat' dir='ltr'>lexicogr,</span> <span class='ocrx_word' id='word_1_347' title='bbox 986 4156 1029 4221; x_wconf 86' lang='lat' dir='ltr'>Vl,</span> <span class='ocrx_word' id='word_1_348' title='bbox 1057 4154 1134 4222; x_wconf 89' lang='grc'><strong>1889,</strong></span> <span class='ocrx_word' id='word_1_349' title='bbox 1162 4173 1188 4224; x_wconf 93' lang='lat' dir='ltr'>p.</span> <span class='ocrx_word' id='word_1_350' title='bbox 1215 4156 1267 4210; x_wconf 91' lang='grc'>292</span> <span class='ocrx_word' id='word_1_351' title='bbox 1292 4175 1331 4226; x_wconf 89' lang='lat' dir='ltr'>sq.</span> <span class='ocrx_word' id='word_1_352' title='bbox 1363 4188 1396 4194; x_wconf 94' lang='lat'>—</span> 
     </span>
     <span class='ocr_line' id='line_1_42' title="bbox 155 4240 1397 4315; baseline 0.007 -24"><span class='ocrx_word' id='word_1_353' title='bbox 155 4240 246 4292; x_wconf 90' lang='lat' dir='ltr'>Idem</span> <span class='ocrx_word' id='word_1_354' title='bbox 270 4241 298 4297; x_wconf 91' lang='lat' dir='ltr'>in</span> <span class='ocrx_word' id='word_1_355' title='bbox 322 4248 535 4312; x_wconf 86' lang='lat' dir='ltr'>programmate,</span> <span class='ocrx_word' id='word_1_356' title='bbox 563 4244 638 4312; x_wconf 90' lang='lat' dir='ltr'>quod</span> <span class='ocrx_word' id='word_1_357' title='bbox 662 4243 821 4312; x_wconf 87' lang='lat' dir='ltr'>composuit</span> <span class='ocrx_word' id='word_1_358' title='bbox 843 4243 885 4298; x_wconf 91' lang='lat' dir='ltr'>vir</span> <span class='ocrx_word' id='word_1_359' title='bbox 911 4243 956 4296; x_wconf 89' lang='lat' dir='ltr'>ille</span> <span class='ocrx_word' id='word_1_360' title='bbox 982 4244 1081 4298; x_wconf 87' lang='lat' dir='ltr'>doctus</span> <span class='ocrx_word' id='word_1_361' title='bbox 1107 4244 1140 4296; x_wconf 89' lang='lat' dir='ltr'>de</span> <span class='ocrx_word' id='word_1_362' title='bbox 1165 4243 1227 4296; x_wconf 81' lang='lat' dir='ltr'>fixis</span> <span class='ocrx_word' id='word_1_363' title='bbox 1250 4250 1397 4315; x_wconf 73' lang='lat' dir='ltr'>poetarum</span> 
     </span>
     <span class='ocr_line' id='line_1_43' title="bbox 155 4327 1270 4407; baseline 0.005 -27"><span class='ocrx_word' id='word_1_364' title='bbox 155 4327 231 4382; x_wconf 90' lang='lat' dir='ltr'>latin.</span> <span class='ocrx_word' id='word_1_365' title='bbox 252 4330 388 4398; x_wconf 87' lang='lat' dir='ltr'>epithetis,</span> <span class='ocrx_word' id='word_1_366' title='bbox 407 4333 578 4386; x_wconf 86' lang='lat' dir='ltr'>Elberfeldae</span> <span class='ocrx_word' id='word_1_367' title='bbox 598 4331 675 4398; x_wconf 89' lang='grc'><strong>1890,</strong></span> <span class='ocrx_word' id='word_1_368' title='bbox 694 4349 720 4400; x_wconf 88' lang='lat' dir='ltr'>p.</span> <span class='ocrx_word' id='word_1_369' title='bbox 741 4330 766 4398; x_wconf 91' lang='lat'>3,</span> <span class='ocrx_word' id='word_1_370' title='bbox 785 4335 852 4386; x_wconf 87' lang='lat' dir='ltr'>nota</span> <span class='ocrx_word' id='word_1_371' title='bbox 871 4329 887 4386; x_wconf 83' lang='lat'>³.</span> <span class='ocrx_word' id='word_1_372' title='bbox 1266 4399 1270 4407; x_wconf 21' lang='lat'>⁵</span> 
     </span>
    </p>

    <p class='ocr_par' dir='ltr' id='par_1_21' title="bbox 242 4419 1246 4503">
     <span class='ocr_line' id='line_1_44' title="bbox 242 4419 1246 4503; baseline 0.005 -32"><span class='ocrx_word' id='word_1_373' title='bbox 242 4419 297 4473; x_wconf 86' lang='lat' dir='ltr'>Ad.</span> <span class='ocrx_word' id='word_1_374' title='bbox 315 4420 438 4490; x_wconf 84' lang='lat' dir='ltr'>Lange:</span> <span class='ocrx_word' id='word_1_375' title='bbox 464 4422 541 4503; x_wconf 74' lang='lat' dir='ltr'>Neue</span> <span class='ocrx_word' id='word_1_376' title='bbox 559 4419 691 4490; x_wconf 88' lang='lat' dir='ltr'>philolog.</span> <span class='ocrx_word' id='word_1_377' title='bbox 711 4420 888 4488; x_wconf 81' lang='lat' dir='ltr'>Rundschau,</span> <span class='ocrx_word' id='word_1_378' title='bbox 909 4419 985 4487; x_wconf 90' lang='grc'><strong>1890,</strong></span> <span class='ocrx_word' id='word_1_379' title='bbox 1005 4422 1053 4474; x_wconf 89' lang='lat' dir='ltr'>Nr.</span> <span class='ocrx_word' id='word_1_380' title='bbox 1074 4419 1115 4487; x_wconf 90' lang='grc'>13,</span> <span class='ocrx_word' id='word_1_381' title='bbox 1136 4421 1187 4473; x_wconf 85' lang='grc'>194</span> <span class='ocrx_word' id='word_1_382' title='bbox 1206 4441 1246 4490; x_wconf 92' lang='lat' dir='ltr'>sq.</span> 
     </span>
    </p>
   </div>
   <div class='ocr_carea' id='block_1_11' title="bbox 0 0 1600 4878">
    <p class='ocr_par' dir='ltr' id='par_1_22' title="bbox 0 0 1600 4878">
     <span class='ocr_line' id='line_1_45' title="bbox 0 0 1600 4878; baseline 0 5"><span class='ocrx_word' id='word_1_383' title='bbox 0 0 1600 4878; x_wconf 95' lang='lat' dir='ltr'> </span> 
     </span>
    </p>
   </div>
  </div>
 </body>
</html>
