3190 4878
847 182 889 246 34

250 419 270 461 a
301 396 481 462 nominibus
515 396 650 479 propriis
685 395 796 460 eodem
830 395 945 460 suffixo
978 394 1129 460 formata:
1165 393 1358 478 Apollineae,
1390 391 1481 478 Cupi-

250 503 370 582 (imaue,
393 502 588 583 Gorgoneas,
613 503 686 582 alia,
715 503 753 566 de
777 501 893 585 quibus
915 502 1028 566 rideas
1048 503 1227 585 practerea:
1250 499 1396 564 Paucker
1417 501 1437 564 l.
1459 501 1479 564 l.

248 631 278 691 p.
305 607 432 687 106,11.
459 607 771 673 11011110πο1.
796 608 816 671 l.
841 629 871 691 p.
897 607 949 672 66.

336 801 339 807 ,
577 729 611 814 b)
637 730 667 798 in
691 730 758 799 -iue
783 726 938 799 suffixum
964 729 1119 798 desinens
1130 728 1153 815 ¹)

247 836 333 920 apud
367 837 515 903 Ovidium
553 861 650 904 unum
687 841 815 904 tantum
852 839 959 902 inveni
996 859 1124 919 novum,
1164 837 1250 919 quod
1288 839 1374 922 apud
1413 862 1478 903 enm

246 944 372 1028 saepius
396 945 548 1010 occurrit:

238 1119 243 1126 ,
334 1052 544 1134 pastorius,
569 1074 603 1131 a,
625 1074 699 1116 um:
738 1073 780 1116 m.
808 1051 848 1131 Π,
877 1049 957 1129 680;
992 1050 1076 1129 XIII,
1101 1049 1180 1130 7853
1214 1050 1237 1114 f.
1264 1049 1315 1129 IV,
1341 1051 1415 1114 723.
1439 1088 1477 1095 -

246 1156 329 1222 Flor.
345 1193 383 1202 -
401 1158 519 1223 Exstat
538 1160 623 1243 apud
642 1160 775 1224 eundem
793 1157 895 1223 forma
915 1157 1077 1223 adiectivi:
1102 1156 1328 1241 pastoralis,
1353 1180 1379 1234 e,
1404 1156 1425 1220 f.
1440 1157 1477 1237 Π,

245 1262 320 1344 365,
344 1287 425 1348 quae
448 1266 527 1330 item
549 1269 586 1330 ut
610 1267 819 1349 ,pastoricius‘
845 1262 909 1328 iam
933 1265 1018 1348 apud
1040 1265 1212 1330 Varronem
1235 1263 1361 1344 legitur.

566 1387 599 1472 0)
625 1385 737 1457 suffixi
761 1405 839 1456 uus
863 1404 924 1472 ope
948 1384 1161 1472 formatumi)

244 1493 376 1558 Ovidius
408 1516 505 1558 unum
537 1496 665 1559 tantum
697 1493 890 1560 adi'ectivum
923 1496 1058 1578 simplex
1088 1495 1258 1560 novavisse
1290 1493 1424 1572 videtur,
1457 1516 1476 1558 a

242 1600 341 1683 stirpe
364 1599 484 1664 verbali
498 1600 584 1664 ‘illud
608 1601 800 1665 derivatum:

328 1728 484 1771 nocuus:
531 1706 594 1771 hal.
629 1707 703 1786 130,
746 1730 808 1790 quo
848 1709 886 1772 de
921 1708 1079 1773 adiectivo
1119 1708 1267 1772 disseruit
1301 1693 1476 1790 Ovidioque

241 1813 437 1878 abiudicavit
461 1814 682 1880 Theodorus
704 1815 787 1878 Birt
810 1816 843 1879 in
865 1815 982 1893 libello,
1011 1836 1106 1897 quem
1129 1815 1167 1878 de
1190 1813 1382 1878 Halieuticis
1404 1814 1476 1878 Ovi-

241 1920 294 1985 dio
317 1922 432 2003 potitae
455 1920 536 1985 falso
559 1921 728 2004 adscriptis
753 1921 940 2004 composuit,
972 1921 1111 1986 Berolini
1135 1919 1231 1998 1878,
1262 1940 1334 2003 pag.
1360 1919 1412 1983 34.
1433 1956 1475 1966 -

240 2025 385 2090 Occurrit
407 2027 492 2091 idem
515 2028 600 2110 apud
623 2026 766 2092 Scribon.
792 2027 865 2092 114.

326 2133 394 2197 lam
411 2156 486 2198 vero
505 2133 566 2198 hoc
585 2134 655 2198 loco
674 2134 790 2198 addere
812 2135 908 2199 liceat
931 2134 1091 2199 adiectIva
1114 2131 1323 2216 composita
1346 2131 1474 2195 eodem

238 2239 381 2304 suffixo
404 2240 627 2318 terminata,
650 2262 689 2304 ne
711 2240 809 2305 nimio
834 2241 938 2324 spatio
963 2240 1003 2305 ab
1026 2239 1081 2304 illo
1103 2240 1337 2315 removeantur,
1360 2236 1473 2302 haece:

324 2347 547 2410 incaeduus:
584 2346 838 2426 am.111,1,1;
873 2346 894 2410 f.
919 2346 943 2427 I,
969 2346 1047 2426 2433
1077 2345 1117 2425 Π,
1141 2344 1215 2410 435.
1247 2381 1290 2388 -
1322 2342 1409 2409 Serv.
1435 2345 1476 2410 ed
1553 2347 1554 2386 i

235 2453 337 2533 Verg,
362 2451 445 2517 Stat.

325 2558 519 2624 occiduus:
548 2583 589 2624 m.
614 2559 638 2639 I,
663 2560 719 2640 633
748 2559 827 2638 XIV,
845 2560 924 2639 4163
948 2561 1014 2639 XV,
1031 2559 1110 2639 2273
1134 2558 1156 2622 f.
1180 2557 1301 2637 1,314;
1325 2558 1374 2635 IV,
1392 2557 1472 2636 3823

235 2663 270 2744 V,
294 2661 370 2729 558.
394 2701 436 2710 -
460 2665 523 2729 alii.
679 2735 682 2741 ,
1291 2655 1293 2660 ’

324 2772 540 2838 succiduus:
564 2773 596 2838 h.
620 2773 704 2853 XIII,
728 2774 852 2852 243111.
876 2774 916 2864 X,
939 2771 1015 2838 458.
1041 2809 1083 2817 —
1107 2773 1176 2854 alii.

285 2969 286 2974 ,
537 2894 572 2980 1)
597 2895 627 2963 in
651 2896 738 2965 -icue
761 2895 1022 2965 terminationem
1046 2893 1171 2964 finitum

234 3024 251 3066 e
275 3001 468 3066 substantivi
492 3003 589 3087 stirpe
613 3004 791 3068 derivatum
813 3027 911 3069 unum
935 3005 1086 3069 occurrit:

321 3110 541 3192 aquaticus:
574 3132 621 3193 ep.
647 3109 678 3174 S.
704 3107 796 3194 (XV.)
827 3110 901 3190 159,
931 3111 969 3175 de
1001 3133 1064 3193 quo
1094 3110 1253 3175 adiectivo
1283 3109 1325 3174 ab
1356 3107 1473 3173 Ovidio

232 3213 309 3280 ficto
332 3215 473 3281 conferre
495 3216 600 3280 iuvat:
625 3216 663 3280 de
678 3215 780 3280 Vries:
805 3217 825 3300 1,
843 3217 862 3280 l.
880 3241 910 3300 p.
928 3217 980 3282 96.
1011 3216 1128 3281 Exstat
1151 3217 1248 3281 idem:
1273 3214 1371 3294 11111,
1389 3213 1471 3294 8533

216 3319 286 3401 IX,
311 3320 390 3400 3413
413 3323 453 3401 X,
477 3322 534 3401 963
560 3345 599 3387 ex
621 3322 656 3385 P.
680 3322 720 3402 Π,
745 3322 775 3402 3,
799 3323 851 3388 89.
877 3359 919 3367 -
942 3323 1034 3402 Plin,
1060 3323 1157 3388 Solin.
1183 3355 1185 3360 v

319 3428 484 3493 Accedunt
514 3433 678 3513 praetcrea
711 3432 870 3497 adiective
893 3455 912 3496 a
934 3432 1115 3497 nominibus
1149 3429 1283 3515 propriis
1317 3428 1350 3491 in
1384 3425 1470 3487 -icus

232 3533 385 3614 derivata,
410 3557 544 3617 qnorum
567 3537 710 3621 exempla
734 3539 891 3621 quaedam
914 3562 1009 3622 supra
1032 3537 1265 3620 adscripsimus.

652 3660 741 3744 e)‘in
765 3660 853 3730 -idus
878 3661 1046 3730 exeuntia:

318 3773 483 3839 albidus:
507 3776 627 3855 m..III,
653 3778 704 3842 74.
728 3815 771 3823 —
795 3777 873 3858 (iol,
896 3779 978 3842 Plin.

283 3931 285 3936 .
318 3880 517 3944 evanidus:
547 3905 571 3945 1.
597 3882 676 3963 663;
700 3907 742 3948 m.
765 3886 801 3964 V,
826 3883 905 3965 4353
934 3886 1018 3950 idem
1040 3881 1216 3958 Vitruvius3
1240 3880 1310 3941 tum
1333 3875 1468 3941 Seneca.

320 3983 346 4040 *
372 3985 568 4051 tremidus:
593 4011 634 4054 m.
658 3991 693 4069 V,
719 3991 747 4054 2.

316 4092 457 4158 Accedat
480 4096 708 4178 composItum:

319 4193 345 4250 ’l‘
371 4199 575 4265 insolidus:
600 4225 641 4265 m.
665 4202 730 4282 XV,
756 4203 829 4268 203.

317 4371 335 4441 ¹)
353 4375 547 4441 Patronymica
566 4373 649 4444 atque
668 4375 777 4433 ethnica
794 4380 824 4432 id
842 4397 928 4450 genus
947 4381 1009 4435 vide
1027 4397 1120 4449 supra.

315 4459 335 4534 ²)
352 4462 418 4532 Egit
436 4463 469 4516 de
487 4465 570 4518 huius
589 4467 696 4535 generis
715 4467 856 4522 adiectiris
875 4469 1039 4524 Peucker:
1053 4471 1076 4524 l.
1093 4471 1113 4525 l.
1132 4489 1158 4540 p.
1178 4473 1324 4532 126-128,
1384 4474 1386 4480 ’
1434 4487 1437 4492 ’
