3190 4878
788 103 806 164 7

688 193 901 200 ————---——--—-—-

173 319 292 401 ingenii
327 317 476 383 Ovidiani
514 317 651 402 speciem
690 320 787 400 atque
823 318 986 400 originem.
1044 317 1155 400 Neque
1188 320 1297 383 tamen
1331 317 1417 401 apud

174 426 323 491 Ovidium
355 425 460 508 ipsum
496 427 609 490 notum
642 427 692 490 est
722 425 832 489 deesse
859 425 956 502 lecca,
989 423 1105 506 quibus
1133 424 1334 489 librariorum
1361 446 1417 507 per

173 532 375 597 inscientiam
406 531 650 617 securitatemve
679 554 737 615 pro
761 531 975 613 singularibus
1006 531 1221 614 audacterque
1254 531 1339 608 fictis
1368 530 1417 594 in-

173 643 282 703 trusae
312 638 378 703 sint
403 638 543 703 usitatae
566 660 661 704 voces
690 638 860 720 tritaeque,
893 637 1070 720 dequibus
1100 636 1289 720 recipiendis
1312 635 1417 701 haesi-

173 745 314 814 taverint
341 745 394 808 hic
422 744 487 808 illic
520 745 658 810 editores
671 742 706 829 ²).
753 746 820 808 Iam
848 767 923 810 vero
951 744 1001 823 113,
1031 767 1112 826 quae
1140 744 1216 823 dixi,
1248 743 1417 825 generibus

127 851 129 857 ’
176 852 299 916 duobus
336 851 565 917 vocabulorum
605 875 677 916 cum
721 851 823 916 solum
861 853 931 915 tum
968 851 1106 934 primum
1144 851 1230 934 apud
1268 850 1417 915 Ovidium

175 958 408 1024 occurrentium
431 982 530 1023 unum
554 958 725 1023 antecedat
755 961 1004 1023 consentaneum
1027 960 1077 1021 est
1100 993 1143 1001 -
1166 960 1346 1041 temporum
1368 957 1417 1021 ni-

173 1065 289 1129 mirum
322 1065 481 1130 rationem
514 1068 552 1130 ut
587 1086 758 1146 sequamur
792 1101 835 1108 -
871 1086 988 1144 eorum,
1029 1085 1111 1146 quae
1136 1084 1210 1132 Ι11011
1244 1087 1283 1127 ex
1317 1063 1417 1147 ipsius

9 1183 12 1197 '
119 1231 121 1234 .
151 1174 287 1255 ,poetae
318 1171 445 1237 officina
474 1175 545 1236 orta
569 1195 585 1235 e
609 1170 731 1236 Graeco
757 1171 960 1254 potissimum
989 1170 1078 1235 fonte
1108 1170 1275 1234 transtulit
1301 1170 1355 1234 1113
1384 1170 1417 1234 in

173 1301 351 1344 sermonem
373 1278 525 1342 Latinum
549 1280 646 1360 atque
670 1279 838 1362 proposuit
860 1278 1017 1342 imitanda
1040 1275 1279 1360 posterioribus.

262 1385 313 1448 Ad
342 1407 409 1448 rem
442 1385 549 1447 autem
579 1384 683 1466 ipsam
715 1385 940 1450 accedentibus
972 1383 1066 1448 nobis
1098 1383 1210 1466 paucis
1241 1382 1337 1446 liceat
1369 1382 1418 1446 in-
1462 1421 1463 1428 1

174 1492 289 1568 dicare,
322 1489 437 1572 quibus
467 1490 554 1554 notis
585 1491 747 1574 signisque
775 1492 809 1556 in
831 1491 880 1568 iis,
914 1513 995 1572 quae
1019 1491 1205 1572 sequuntur,
1234 1489 1284 1553 usi
1308 1489 1415 1553 simus.

173 1598 210 1660 In
242 1597 321 1660 locis
353 1595 452 1677 igitur
485 1596 652 1662 laudandis
682 1600 793 1662 textus
827 1595 1113 1662 conformationem
1145 1595 1257 1673 secuti,
1290 1598 1327 1658 ut
1360 1617 1417 1678 par

175 1705 233 1781 est,
267 1702 440 1782 maximam
473 1706 598 1785 partem
630 1703 1031 1768 Merkeli-Ehwaldianam
1062 1703 1151 1766 hisce
1183 1702 1234 1766 usi
1266 1702 1354 1783 siglis
1384 1703 1417 1765 in

174 1832 266 1873 usum
289 1809 474 1874 vocavimus
499 1810 674 1874 carminum
698 1810 926 1875 Ovidianorum
948 1810 1046 1873 hasce
1069 1808 1241 1874 editiones:

265 1949 334 1997 am.
360 1930 540 2018 (amorum),
571 1931 608 1998 11.
635 1931 813 2017 (heroidum
837 1934 903 1998 sive
927 1929 1158 2017 epistularum),
1189 1929 1281 1996 med.
1306 1928 1418 2016 (medi-

175 2039 334 2104 caminum
373 2038 467 2103 faciei
504 2037 601 2124 fem),
642 2039 713 2105 art.
750 2037 843 2124 (artis
882 2036 1086 2123 amatoriae),
1125 2055 1158 2102 r.
1195 2034 1418 2122 (remediorum

174 2142 305 2229 amoris)
329 2146 502 2211 editionem
517 2147 770 2226 Ehwaldianam,
795 2146 914 2212 editam
930 2147 1056 2231 Lipsiae
1074 2131 1170 2224 1888,
1194 2145 1215 2210 i.
1236 2168 1262 2209 e.
1287 2167 1417 2229 operum

175 2252 322 2317 Ovidian.
346 2254 425 2317 tom.
450 2253 478 2332 13

262 2391 310 2439 m.
343 2372 669 2462 (metamorphoseon)
698 2377 871 2443 editionem
894 2377 1045 2442 iteratam
1068 2339 1305 2455 Merkelianam,
1337 2398 1419 2459 quae

172 2483 293 2566 prodiit
315 2482 442 2566 Lipsiae
467 2481 562 2562 1886,
587 2483 607 2546 i.
633 2505 659 2547 e.
685 2506 816 2568 operum
840 2484 897 2550 Ov.
922 2486 1000 2549 tom.
1024 2483 1067 2563 H;

221 2659 233 2684 „
263 2605 313 2671 tr.
349 2603 516 2691 (tristium)
548 2606 647 2672 libros
676 2609 712 2687 V,
747 2630 827 2690 quos
859 2631 898 2672 ex
927 2592 1146 2689 recognitione
1169 2607 1250 2673 Rud.
1275 2606 1418 2694 Merkelii

174 2715 278 2779 denuo
303 2714 403 2778 edidit
426 2715 463 2778 R.
488 2714 623 2779 Ehwald
645 2714 772 2798 Lipsiae
798 2714 900 2808 18863

262 2835 294 2903 Ι.
321 2836 455 2922 (ibidis),
481 2855 526 2903 ex
546 2837 591 2903 P.
612 2836 833 2924 (epistularum
857 2816 1043 2922 err-Ponto),
1068 2834 1097 2902 f.
1118 2821 1299 2921 (fastorum)
1319 2837 1416 2902 libros

174 2967 214 3008 ex
231 2945 349 3009 iterata
364 2946 402 3010 R.
418 2945 563 3010 Merkelii
585 2945 813 3027 recognitione,
830 2945 956 3028 Lipsiae
974 2943 1070 3024 1884,
1094 2945 1115 3007 i.
1133 2967 1158 3008 3.
1177 2966 1307 3027 operum
1324 2943 1414 3008 Ovid.

172 3052 249 3114 tom.
273 3051 326 3116 HJ.
352 3048 507 3135 (exceptis
530 3048 725 3135 tristibus).¹
1069 3063 1071 3066 ’

260 3172 298 3238 h.
339 3171 558 3261 (haheuticon)
590 3197 700 3241 versus
739 3175 965 3259 adscripsimus
1004 3197 1044 3239 ex
1072 3175 1211 3239 editione
1242 3173 1278 3240 Ο.
1311 3173 1415 3239 Goth-

171 3283 260 3366 lingi,
285 3281 411 3366 Lipsiae
436 3282 532 3348 1884.

266 3401 292 3458 *
320 3408 509 3473 331311330
539 3407 808 3489 insignivimus
838 3401 936 3481 ἅπαξ
957 3399 1145 3489 εἰρημένα,
1176 3405 1247 3470 13.
1278 3406 1415 3489 quaein

148 3514 288 3598 ¹litteris
312 3513 445 3593 Latinis,
471 3536 553 3598 quae
577 3517 716 3593 exstant,
746 3514 824 3579 3110
852 3515 939 3579 1000
967 3534 1043 3578 non
1071 3513 1160 3576 sunt
1189 3511 1315 3592 obvia,

262 3758 282 3829 ¹)
302 3758 341 3814 cf.
361 3761 626 3830 Zangemeister:
645 3761 662 3814 1.
682 3761 700 3817 1.
719 3779 745 3831 p.
760 3762 783 3816 1.
804 3790 838 3799 -
855 3760 1041 3814 Burmanni
1058 3762 1115 3823 pot.
1134 3760 1169 3812 ad
1182 3758 1262 3812 Trist
1282 3760 1312 3825 11,
1332 3759 1357 3826 4,
1371 3759 1412 3814 40.

171 3876 206 3885 —
229 3850 332 3903 Loers
360 3850 396 3903 ad
422 3850 532 3904 Metam.
558 3851 627 3917 XIV,
655 3851 696 3904 21.
726 3880 760 3888 -
787 3852 884 3918 Neque
910 3850 958 3904 abs
985 3867 1015 3902 re
1040 3849 1157 3903 fortasse
1182 3847 1292 3902 videtur
1318 3849 1414 3902 audire

170 3936 430 4006 Hertzbergium
453 3938 482 3991 in
506 3941 623 4006 quaestt
643 3940 781 4008 Propertt
802 3939 867 4006 31113,
885 3939 972 3992 Halae
990 3936 1068 4004 1843,
1091 3955 1118 4006 p.
1138 3935 1198 4003 163,
1222 3937 1261 3990 ita
1280 3936 1413 3990 disseren-

171 4027 242 4078 tem:
263 4066 268 4078 .
287 4068 293 4078 .
315 4067 321 4078 .
344 4043 394 4080 nec
421 4027 550 4095 equidem
575 4045 844 4094 commemorassem,
872 4026 926 4080 nisi
952 4030 1049 4094 essent,
1078 4025 1127 4093 qui
1154 4024 1256 4078 etiam
1279 4025 1413 4079 Latinis

171 4112 281 4180 potitis
311 4130 398 4168 nova
426 4115 589 4182 quaedem
618 4115 771 4171 invenire
797 4116 914 4183 licere,
942 4133 1013 4181 nec,
1046 4131 1129 4182 quae
1155 4113 1256 4166 semel
1281 4117 1413 4169 tanturn

171 4200 405 4267 reperirentur
435 4203 467 4256 in
498 4204 668 4272 scriptore
700 4204 828 4272 aliquo,
860 4203 979 4258 statim
1009 4207 1046 4258 ut
1074 4202 1295 4258 soloecismos
1324 4203 1412 4258 dam-

170 4289 280 4344 nanda
303 4306 385 4357 esse,
408 4308 465 4346 non
487 4291 686 4364 intellegerent.
