3190 4878
774 176 816 242 58

175 390 322 475 spiritum
349 394 419 456 tum
442 391 567 456 vividos
597 385 804 476 vigentesque
835 392 988 458 sermonis
1020 393 1149 471 colores,
1181 391 1229 456 ita
1252 414 1414 456 senescen-

175 497 217 561 tis
247 520 373 580 quoque
401 501 515 582 poetae
542 498 576 584 in
606 499 731 584 exsilio
749 499 885 564 conficta
916 500 977 566 etsi
1004 500 1238 582 aliquantulum
1271 499 1415 578 deficien-

93 595 96 608 ’
175 604 250 691 tem,
275 606 384 668 tamen
406 628 471 670 non
495 605 632 688 omnino
647 590 857 682 infecundius
875 609 982 694 atque
996 601 1135 690 sterilem
1157 607 1190 692 in
1213 605 1416 689 procreandis

175 710 266 774 novis
297 712 479 775 ostendunt
497 711 611 795 poetae
641 714 742 776 artem
773 714 871 793 atque
887 709 1071 806 ingenium.
1120 711 1189 790 Qua
1217 711 1251 777 in
1282 734 1316 776 re
1332 701 1416 776 ¹toto

175 818 312 899 pectore,
337 820 374 881 ut
397 817 445 882 ita
468 819 582 898 dicam,
607 819 828 903 amplectenda
850 819 929 886 mihi
952 819 1109 898 videntur,
1136 819 1251 901 quibus
1273 817 1417 882 Theodo-
1512 823 1518 833 '

175 945 245 986 rum
260 922 421 1006 Heysium,
447 925 560 1002 ,virum
575 923 680 1010 ipsum'
694 926 820 1009 po'etico
844 921 956 990 afflatu
972 925 1159 990 instinctum
1174 925 1417 1006 litterarumque

175 1031 319 1124 veterum
334 1053 432 1120 unum
447 1032 676 1115 peritissimum
699 1033 897 1116 eundemque
922 1033 1161 1102 exactissimum
1176 1031 1255 1096 artis
1272 1030 1417 1114 poeticae

175 1135 333 1215 iudicem‘,
356 1137 612 1218 R.'Ehwaldius,
636 1140 733 1205 homo
757 1162 833 1206 sane
856 1127 939 1204 inter
962 1141 1123 1204 nostrates
1141 1136 1415 1220 Ovidiauissimus,

175 1241 208 1305 in
241 1243 399 1325 colloquio
433 1244 614 1310 Florentiae
649 1245 762 1310 habito
796 1249 899 1310 artem
928 1239 1146 1310 Nasonianam
1181 1244 1417 1328 praedicantem

175 1348 267 1413 affert
304 1349 389 1414 hune
426 1351 460 1414 in
500 1352 646 1416 modum:
660 1347 684 1435 ¹)
724 1374 898 1434 ,nunquam
940 1374 973 1415 se
1012 1351 1091 1415 satis
1136 1350 1285 1415 admirari
1322 1370 1417 1432 posse

175 1455 385 1538 profitebatur
409 1457 514 1548 Ovidii
537 1450 724 1524 facultatem
752 1461 930 1536 venustam,
951 1445 1100 1540 *gratiam*
1122 1458 1279 1535 decoram,
1307 1454 1418 1546 ¹facun-

176 1561 261 1626 diam
284 1585 447 1646 nunquam
471 1565 678 1647 deficientem,
708 1587 790 1648 quae
813 1566 846 1630 in
870 1565 1062 1630 carminibus
1085 1587 1141 1648 per
1164 1562 1251 1628 exilii
1274 1564 1419 1644 tempora

175 1665 269 1731 factis
313 1690 350 1733 eo
392 1670 495 1751 magis
534 1671 672 1749 eluceat,
717 1693 780 1754 quo
824 1671 953 1753 gravius
990 1671 1095 1735 mollis
1137 1671 1252 1754 poetae
1295 1667 1418 1731 animus

175 1773 322 1838 fortunae
345 1775 517 1859 iniquitate
539 1777 635 1854 fuerit
658 1781 848 1861 percussus‘

265 1879 413 1964 Speciose
442 1886 549 1947 autem
580 1885 805 1967 eleganterque
834 1885 973 1948 inventis
1003 1885 1065 1948 illis
1096 1883 1137 1947 ad
1164 1883 1285 1948 heroici
1307 1904 1419 1946 versus

176 1980 356 2053 mensuram
381 1990 587 2055 conformatis
617 2014 680 2056 non
711 1992 811 2074 ipsius
835 1991 937 2056 solum
960 1991 1098 2057 Nasonis
1127 1991 1241 2061 miram
1270 1973 1419 2052 narrandi

178 2094 431 2179 depingendique
455 2100 557 2160 artem
577 2098 705 2182 egregie
730 2121 798 2161 esse
822 2097 976 2176 adiutam,
1006 2098 1062 2161 sed
1091 2119 1148 2180 pro
1180 2093 1419 2176 angustioribus

177 2199 370 2265 inventionis
394 2204 491 2284 atque
516 2202 755 2285 compositionis
779 2203 912 2284 finibus,
946 2225 1025 2285 quos
1055 2203 1182 2284 linguae
1196 2201 1340 2272 Latinae
1362 2221 1420 2282 pa-

176 2305 277 2368 tuisse
311 2308 405 2370 testis
439 2299 491 2372 est
526 2309 740 2386 Quintilianus
777 2306 863 2393 (inst.
888 2309 918 2389 l,
949 2308 980 2388 5,
1012 2306 1077 2391 70),
1117 2330 1174 2390 pro
1208 2306 1291 2370 virili
1327 2307 1420 2389 parte

176 2411 428 2494 illumlinguam
448 2417 651 2492 vernaculam
671 2416 806 2480 coluisse
827 2417 960 2499 apparet
980 2417 1078 2498 atque
1098 2405 1250 2508 ditavisse
1271 2413 1420 2477 eundem-

178 2540 252 2600 que
273 2521 459 2602 posterioris
490 2521 607 2586 aetatis
639 2523 743 2605 poetis
777 2511 881 2586 elucet
915 2521 1075 2605 exemplar
1105 2519 1301 2612 praebuisse,
1335 2517 1420 2600 quod

178 2624 298 2689 imitari
325 2610 544 2711 studerent.2)'
620 2623 621 2626 ¹
837 2617 839 2622 ’

233 2803 236 2810 Δ
268 2731 417 2797 conaus
447 2714 545 2816 rga}
576 2736 614 2800 ne·
644 2736 769 2816 integro
797 2735 870 2814 uus,
903 2758 984 2818 quae
1014 2735 1115 2798 usur-
1133 2737 1231 2817 asqu
1259 2731 1353 2796 fena
1372 2731 1420 2795 n-

178 2839 272 2919 genio
296 2839 479 2906 Nasoniano
504 2843 611 2906 deberi
634 2842 813 2921 videantur,
837 2842 1001 2908 vocabulis
1025 2841 1260 2924 aliquantulum
1284 2838 1421 2902 eumad

177 2945 287 3028 ipsius·
301 2947 371 3009 tum
395 2948 437 3010 ad
459 2937 645 3030 posterioris
669 2948 786 3012 aetatis
810 2950 978 3032 poetarum
1005 2947 1217 3013 elocutionem
1240 2942 1421 3009 accuratius

180 3051 257 3134 quid
281 3041 535 3132 cognoscendam
567 3055 713 3119 attulisse
746 3055 933 3133 videbimur,
968 3053 1031 3117 nisi
1064 3053 1209 3132 exsistat,
1243 3087 1285 3095 —
1317 3071 1422 3132 neque

178 3158 370 3222 exstiturum
389 3149 670 3242 essequemquam
693 3181 879 3243 persuasum
902 3147 1066 3237 habemus,
1084 3195 1126 3226 -,
1144 3158 1198 3240 qui
1218 3179 1289 3222 cum
1304 3156 1421 3221 Krusio

177 3264 286 3342 faciat,
323 3266 378 3346 qui
408 3265 441 3328 in
466 3266 743 3344 commentatione,
775 3266 933 3348 quamde
958 3265 1064 3330 Ovidii
1094 3265 1273 3348 composuit
1297 3263 1365 3327 vita
1388 3264 1421 3326 et

177 3369 372 3456 operibus,³)
412 3394 577 3456 perperam
611 3371 723 3436 fecisse
758 3374 855 3454 atque
889 3393 991 3453 nugas
1026 3373 1128 3454 egisse
1164 3370 1329 3437 contendit
1362 3369 1421 3432 Er-

178 3480 305 3541 nestum
329 3479 368 3560 de
391 3477 540 3558 Leutsch,
566 3479 621 3560 qui
646 3501 717 3543 cum
740 3479 773 3541 in
797 3479 860 3542 alia
882 3481 953 3543 tum
976 3480 1009 3542 in
1031 3501 1115 3544 nova
1139 3500 1266 3561 quoque
1289 3477 1421 3540 inventa

180 3583 336 3647 Ovidiana
368 3584 562 3666 investigare
592 3585 779 3666 instituerit,
814 3586 931 3669 quique
960 3587 1054 3651 nauci
1077 3585 1157 3650 talia
1179 3583 1327 3648 habenda
1351 3605 1420 3647 esse

179 3691 246 3776 ipse
270 3693 319 3755 est
341 3694 491 3772 nugatus.
1173 3760 1176 3763 .
1293 3676 1297 3684 Ι

221 3792 242 3880 J
268 3797 368 3862 lmmo
403 3799 511 3881 potius
547 3801 675 3864 constat
708 3799 792 3863 inter
826 3800 941 3863 harum
975 3811 1080 3862 rerum
1114 3797 1235 3881 peritos
1271 3796 1420 3861 Ovidium

270 4017 289 4087 l)
309 4020 338 4072 in
356 4037 448 4089 progr.
468 4036 558 4090 gymn.
578 4019 725 4087 Emestini,
745 4019 852 4074 Gothae
870 4017 948 4086 1889,
969 4036 995 4086 p.
1014 4017 1039 4071 4.

269 4107 288 4178 ²)
309 4109 486 4163 Imitatcrum
505 4108 571 4162 artis
586 4108 735 4162 Ouidianae
753 4111 853 4162 notum
873 4111 913 4161 est
924 4108 1000 4160 Luc.
1013 4105 1212 4159 Muellerum
1230 4104 1298 4158 satis
1314 4104 1422 4172 largam

180 4215 341 4251 enumerare
366 4197 466 4250 seriem
489 4197 505 4252 l.
525 4197 541 4250 l.
562 4214 588 4265 p.
609 4195 660 4249 136
667 4214 673 4263 ς
699 4197 824 4251 conferas
842 4197 925 4251 velim
948 4199 1090 4264 praeterea
1109 4195 1139 4246 R.
1158 4193 1368 4248 Ehwaldium
1392 4191 1423 4245 in

178 4287 304 4340 Bursian.
325 4286 414 4340 annal.
433 4286 451 4340 l.
469 4286 488 4340 l.
506 4304 532 4356 p.
544 4271 605 4340 '179
624 4303 672 4354 sq.,
693 4285 862 4341 Owenium
880 4285 909 4338 in
927 4284 1051 4338 tristium
1071 4282 1198 4350 editione,
1225 4281 1326 4338 Oxonii
1343 4279 1422 4349 1889,

180 4391 205 4442 p.
226 4373 375 4450 err-2677
637 4445 643 4452 ι
1393 4367 1395 4372 '

269 4460 290 4530 ³)
311 4462 510 4539 Stralsundiae,
524 4462 613 4541 „1853
627 4481 653 4538 p.
673 4462 716 4530 23,
735 4467 802 4517 nota
823 4462 849 4532 ¹).
