3190 4878
116 385 334 467 indulgentem
346 381 370 467 ¹)
395 387 428 447 et
452 385 538 465 quod
566 383 646 447 bene
675 383 772 447 cessit
799 384 976 465 relinquere
1004 384 1207 449 nescientem.
1219 381 1243 468 2)
1289 386 1357 449 lam

118 513 193 557 vero
217 513 289 556 cum
316 491 350 554 in
374 489 652 558 dissertationibus
681 491 746 553 suis
775 489 991 573 lepidissimis,
1019 491 1134 572 quibus
1166 492 1215 570 ,de
1243 515 1361 557 canum

27 659 28 670 ,
117 598 298 663 nominibus
322 595 454 677 graecis‘
479 596 657 680 disputavit
674 594 1076 681 ElimarusBaecker³)
1101 600 1133 662 et
1158 598 1206 678 ,de
1222 599 1357 662 nomini-

27 753 28 762 .
117 705 186 781 bus,
223 725 304 785 quae
339 701 452 766 Graeci
486 703 661 785 pecudibus
696 703 878 767 domesticis
910 701 1102 767 indiderunt‘
1133 704 1357 770 Fridericus

118 805 396 890 leschonnelr4),
425 808 463 873 de
486 809 526 871 iis
550 831 676 891 quoque
700 812 809 872 actum
832 811 874 873 sit
899 809 977 873 satis
1001 809 1080 873 scite
1104 812 1200 892 atque
1225 812 1357 894 diligen-

118 918 178 996 ter,
203 937 283 997 quae
303 914 435 978 Ovidius
458 915 579 1004 primus
602 915 804 979 transtulisse
829 917 894 979 sive
918 917 1075 980 invenisse
1094 915 1219 981 videtur
1243 941 1357 982 canum

120 1043 335 1104 equorumque
364 1021 503 1099 nomina,
539 1044 622 1086 nunc
654 1005 781 1104 quidem
815 1023 895 1085 satis
930 1023 1077 1086 duximus
1112 1022 1167 1086 illa
1195 1023 1257 1088 boc
1286 1025 1356 1090 loco

120 1151 182 1193 uno
205 1151 379 1212 proponere
404 1131 586 1212 conspectu.
634 1128 716 1192 Sunt
740 1130 848 1192 autem
870 1128 965 1193 baec:

545 1265 579 1353 a)
604 1283 729 1331 canum
751 1265 940 1352 nomina,⁵)

119 1393 237 1476 partim
266 1393 308 1456 ad
337 1415 430 1456 usum
454 1403 579 1469 eorum,
616 1393 818 1456 venationem
850 1393 988 1456 maxime
1021 1394 1209 1476 spectantia,
1240 1394 1358 1478 partim

121 1523 139 1562 a
158 1499 342 1576 virtutibus,
367 1498 481 1562 robore
501 1477 664 1562 celeritate
684 1499 749 1563 sive
770 1499 864 1563 certis
885 1500 1043 1564 coloribus
1063 1500 1213 1564 deducta:
1237 1502 1360 1581 Aell0,

120 1607 232 1686 Agre,
249 1604 454 1685 Agriodus,
470 1604 649 1683 AsboluS,
670 1604 860 1682 Canache,
881 1604 1055 1688 Cyprius,
1075 1607 1247 1685 Dromas,
1267 1608 1362 1671 Har-

121 1711 248 1792 palus,
278 1711 460 1793 Harpyia,
490 1711 689 1794 Hylactor,
718 1712 898 1794 Hylaeus,
927 1711 1172 1790 Ichnobates,
1196 1712 1360 1791 Lachne,

122 1815 260 1894 Lacon,
286 1815 428 1894 Ladon,
453 1815 629 1899 Laelaps,
654 1817 817 1894 Leucon,
847 1816 1017 1900 Lycisce,
1042 1818 1262 1904 Melampus,
1287 1820 1362 1885 Me-

120 1922 360 2002 lanchaetes,
379 1923 586 2000 MelaneuS,
606 1923 724 2006 Nape,
744 1923 1033 2008 Nebrophonus,
1052 1925 1360 2010 Oresistrophus,

121 2027 320 2109 OribasuS,
338 2028 593 2112 PamphaguS,
614 2021 811 2093 Poemenis
835 2026 995 2113 (pecudes
1019 2030 1164 2114 secuta‘),
1189 2034 1361 2097 Pterelas

122 2130 280 2217 (pedibus
304 2132 427 2217 utilis‘),
453 2133 596 2213 Sticte,
621 2135 881 2213 Theridamas,
906 2137 1039 2218 Tigris,

209 2256 259 2319 Ad
283 2277 364 2337 quae
389 2257 543 2320 accedant

623 2343 660 2431 b)
685 2361 854 2425 equorum

122 2457 205 2522 Solis
236 2457 288 2522 dei
321 2458 596 2525 celeberrimorum
625 2462 787 2526 nomina
817 2465 850 2525 et
877 2463 947 2545 ipsa
974 2463 1154 2528 felicissime
1183 2467 1223 2530 ab
1248 2467 1361 2534 Ovidio

120 2563 295 2627 translata:
322 2561 526 2649 (Aethon,⁶)
542 2565 671 2651 Eous,)
695 2565 912 2651 Phlegon,⁶)
928 2570 1061 2652 Pyrois
1086 2569 1138 2654 (m.
1156 2573 1194 2649 ll,
1210 2573 1272 2638 153
1288 2570 1360 2658 sq),

121 2689 256 2752 quorum
294 2671 357 2735 duo
395 2674 558 2755 postrema
596 2674 681 2756 apud
721 2673 869 2738 Ovidium
906 2675 989 2740 inter
1027 2677 1187 2742 Romanos
1225 2680 1362 2763 primum
1398 2727 1400 2732 ν
1504 2674 1509 2686 ’

121 2780 300 2842 occurrunt.

208 2883 274 2946 Iam
297 2907 372 2949 vero
397 2885 600 2965 accingamus
630 2909 688 2950 nos
719 2888 891 2951 sesundum
920 2889 1119 2971 propositum
1148 2893 1293 2954 nostrum
1321 2892 1362 2956 ad

121 2988 300 3068 eligendam
323 2990 436 3054 seriem
460 2991 620 3077 quandam

168 3132 200 3220 o)
224 3136 404 3201 nominum
427 3139 656 3219 propriorum
680 3141 784 3221 atque
808 3140 1063 3208 adiectivorum
1086 3143 1168 3209 inde
1192 3144 1327 3210 deriva-

210 3241 343 3318 torum,
367 3243 692 3324 patronymicorum
717 3248 895 3329 imprimis
919 3248 1022 3329 atque
1046 3249 1281 3334 ethnicorum,

120 3388 202 3448 quae
233 3366 323 3447 larga
353 3390 428 3432 sane
461 3373 558 3452 atque
588 3373 722 3455 prodiga
751 3396 847 3437 manu
871 3397 891 3437 a
913 3378 1009 3458 poeta
1037 3398 1092 3458 per
1116 3397 1225 3440 omnes
1253 3380 1360 3460 partes

120 3473 296 3536 carminum
320 3477 394 3537 sunt
418 3474 604 3560 dispersal).

210 3646 230 3717 ¹)
250 3649 364 3716 Quintil.
382 3651 415 3717 X,
430 3651 454 3718 1,
468 3651 508 3706 98.
530 3682 564 3689 —
584 3650 604 3720 2)
625 3653 729 3708 Seneca
748 3660 833 3709 contr.
854 3657 898 3723 IX,
911 3655 936 3724 b,
950 3657 984 3709 17
997 3658 1030 3710 K.
1044 3686 1077 3694 —
1097 3657 1136 3711 Cf.
1156 3658 1186 3713 0.
1199 3659 1358 3713 Ribbeck:

118 3737 136 3790 l.
156 3737 172 3790 l.
192 3739 228 3805 11,
247 3737 307 3792 339.
327 3768 361 3776 -
381 3737 402 3809 ⁸)
422 3741 675 3810 Regimonti1884.
695 3773 729 3781 -
748 3741 769 3812 ⁴)
789 3744 858 3798 Ibid.
878 3743 955 3800 1885.

208 3823 229 3894 ⁵)
248 3826 316 3880 Vide
335 3831 400 3882 met.
419 3829 465 3897 ΠΙ,
485 3829 634 3884 206-233.
651 3861 684 3869 -
704 3831 742 3885 cf.
763 3833 842 3886 Pott
860 3833 888 3885 in
906 3833 1011 3887 Kuhnii
1030 3833 1117 3888 annal.
1132 3835 1175 3902 VI,
1195 3853 1220 3903 p.
1235 3835 1287 3887 412
1300 3853 1359 3904 sqq.

208 3911 229 3982 ⁰)
252 3916 326 3969 Haec
353 3917 466 3971 nomina
499 3919 690 3973 desiderantur
722 3920 750 3972 in
778 3920 920 3990 Georgesii
948 3922 1037 3976 lexico
1069 3939 1119 3976 neo
1146 3940 1202 3976 non
1229 3923 1360 3992 pleraque

119 4017 221 4054 canum
239 4004 352 4058 nomina
370 4022 454 4073 supra
473 4007 564 4062 allata.
1004 4069 1007 4072 .

210 4087 230 4158 ⁷)
249 4091 313 4160 Egit
332 4093 365 4146 de
384 4094 425 4161 iis,
445 4113 516 4162 quae
539 4096 567 4149 in
586 4101 698 4150 metam.
723 4096 801 4150 libris
825 4098 907 4152 huius
933 4098 1039 4170 generis
1059 4100 1140 4154 obvia
1163 4105 1228 4154 sunt
1251 4102 1359 4155 Iulius

118 4176 223 4229 Favre
242 4176 259 4230 l.
279 4179 296 4231 l.
316 4198 342 4249 p.
362 4179 484 4237 34-51.
508 4213 540 4220 -
562 4185 604 4237 Ex
622 4188 702 4253 parte
720 4189 829 4238 tantum
848 4205 913 4241 vera
932 4192 1004 4255 sunt,
1025 4205 1095 4255 quae
1107 4189 1146 4241 W.
1161 4189 1359 4244 Schneider:

118 4265 158 4317 De
177 4266 322 4334 Propertio
342 4273 393 4322 etc.
412 4288 438 4339 p.
458 4271 475 4323 8
495 4276 522 4326 et
541 4273 574 4325 25
597 4273 672 4327 hisce
695 4275 728 4327 de
751 4275 908 4329 nominibus
928 4294 942 4329 e
962 4275 1065 4330 Graeco
1088 4277 1165 4330 fonte
1188 4277 1359 4348 depromptis

118 4353 285 4409 derivatisve
308 4357 445 4426 disseruit,
474 4378 538 4414 cum
564 4361 611 4415 illa
629 4362 665 4415 ad
684 4365 906 4430 cognoscendum
934 4382 1088 4418 sermonem
1116 4369 1214 4433 politae
1242 4366 1361 4421 alicuius

117 4442 226 4496 minimi
245 4447 380 4499 momenti
398 4465 455 4501 esse
474 4452 591 4508 censeat.

1238 4562 1251 4602 2
