<?xml version="1.0" encoding="UTF-8"?>
<!DOCTYPE html PUBLIC "-//W3C//DTD XHTML 1.0 Transitional//EN"
    "http://www.w3.org/TR/xhtml1/DTD/xhtml1-transitional.dtd">
<html xmlns="http://www.w3.org/1999/xhtml" xml:lang="en" lang="en">
 <head>
  <title>
</title>
<meta http-equiv="Content-Type" content="text/html;charset=utf-8" />
  <meta name='ocr-system' content='tesseract 3.04.00' />
  <meta name='ocr-capabilities' content='ocr_page ocr_carea ocr_par ocr_line ocrx_word'/>
</head>
<body>
  <div class='ocr_page' id='page_1' title='image "./depovidionasone00linsgoog_0012.png"; bbox 0 0 3190 4878; ppageno 0'>
   <div class='ocr_carea' id='block_1_1' title="bbox 759 207 779 273">
    <p class='ocr_par' dir='ltr' id='par_1_1' title="bbox 759 207 779 273">
     <span class='ocr_line' id='line_1_1' title="bbox 759 207 779 273; baseline 0 0"><span class='ocrx_word' id='word_1_1' title='bbox 759 207 779 273; x_wconf 84' lang='lat'><strong>3</strong></span> 
     </span>
    </p>
   </div>
   <div class='ocr_carea' id='block_1_2' title="bbox 95 418 1457 2530">
    <p class='ocr_par' dir='ltr' id='par_1_2' title="bbox 95 418 1457 2530">
     <span class='ocr_line' id='line_1_2' title="bbox 148 418 1389 504; baseline 0.001 -18"><span class='ocrx_word' id='word_1_2' title='bbox 148 418 402 504; x_wconf 76' lang='lat' dir='ltr'><strong>osreologiam1),</strong></span> <span class='ocrx_word' id='word_1_3' title='bbox 436 422 470 485; x_wconf 87' lang='lat' dir='ltr'><strong>id</strong></span> <span class='ocrx_word' id='word_1_4' title='bbox 502 423 551 485; x_wconf 88' lang='lat' dir='ltr'><strong>est</strong></span> <span class='ocrx_word' id='word_1_5' title='bbox 584 421 781 502; x_wconf 84' lang='lat' dir='ltr'><strong>singulorum</strong></span> <span class='ocrx_word' id='word_1_6' title='bbox 813 422 930 504; x_wconf 86' lang='lat' dir='ltr'><strong>pedum</strong></span> <span class='ocrx_word' id='word_1_7' title='bbox 963 421 1256 502; x_wconf 73' lang='lat' dir='ltr'><strong>conformationem,</strong></span> <span class='ocrx_word' id='word_1_8' title='bbox 1289 421 1324 486; x_wconf 92' lang='lat' dir='ltr'><strong>hi</strong></span> <span class='ocrx_word' id='word_1_9' title='bbox 1355 424 1389 487; x_wconf 93' lang='lat' dir='ltr'><strong>in</strong></span> 
     </span>
     <span class='ocr_line' id='line_1_3' title="bbox 147 524 1457 612; baseline 0.003 -21"><span class='ocrx_word' id='word_1_10' title='bbox 147 524 480 612; x_wconf 71' lang='lat' dir='ltr'><strong>syndesmologiam2),</strong></span> <span class='ocrx_word' id='word_1_11' title='bbox 513 529 533 590; x_wconf 94' lang='grc'><strong>1.</strong></span> <span class='ocrx_word' id='word_1_12' title='bbox 568 551 594 592; x_wconf 85' lang='grc'><strong>0.</strong></span> <span class='ocrx_word' id='word_1_13' title='bbox 628 529 661 590; x_wconf 90' lang='lat' dir='ltr'><strong>in</strong></span> <span class='ocrx_word' id='word_1_14' title='bbox 694 550 896 592; x_wconf 82' lang='lat' dir='ltr'>caesurarum</span> <span class='ocrx_word' id='word_1_15' title='bbox 929 549 1008 610; x_wconf 91' lang='lat' dir='ltr'><strong>quas</strong></span> <span class='ocrx_word' id='word_1_16' title='bbox 1040 530 1158 591; x_wconf 89' lang='lat' dir='ltr'><strong>vocant</strong></span> <span class='ocrx_word' id='word_1_17' title='bbox 1187 529 1387 594; x_wconf 88' lang='lat' dir='ltr'><strong>varietatem.</strong></span> <span class='ocrx_word' id='word_1_18' title='bbox 1454 567 1457 576; x_wconf 81' lang='lat'><strong>·</strong></span> 
     </span>
     <span class='ocr_line' id='line_1_4' title="bbox 148 629 1389 719; baseline 0.003 -22"><span class='ocrx_word' id='word_1_19' title='bbox 148 634 234 710; x_wconf 82' lang='lat' dir='ltr'><strong>Quos</strong></span> <span class='ocrx_word' id='word_1_20' title='bbox 264 635 348 698; x_wconf 90' lang='lat' dir='ltr'><strong>inter</strong></span> <span class='ocrx_word' id='word_1_21' title='bbox 378 635 463 698; x_wconf 91' lang='lat' dir='ltr'><strong>viros</strong></span> <span class='ocrx_word' id='word_1_22' title='bbox 495 636 607 699; x_wconf 89' lang='lat' dir='ltr'><strong>doctos</strong></span> <span class='ocrx_word' id='word_1_23' title='bbox 638 634 845 716; x_wconf 82' lang='lat' dir='ltr'><strong>Hultgrenius</strong></span> <span class='ocrx_word' id='word_1_24' title='bbox 876 634 1078 717; x_wconf 91' lang='lat' dir='ltr'><strong>potissimum</strong></span> <span class='ocrx_word' id='word_1_25' title='bbox 1087 629 1111 716; x_wconf 77' lang='lat'><strong>³)</strong></span> <span class='ocrx_word' id='word_1_26' title='bbox 1141 635 1231 699; x_wconf 90' lang='lat' dir='ltr'><strong>varia</strong></span> <span class='ocrx_word' id='word_1_27' title='bbox 1262 657 1389 719; x_wconf 90' lang='lat' dir='ltr'><strong>quoque</strong></span> 
     </span>
     <span class='ocr_line' id='line_1_5' title="bbox 148 740 1389 824; baseline 0.003 -21"><span class='ocrx_word' id='word_1_28' title='bbox 148 740 290 804; x_wconf 89' lang='lat' dir='ltr'><strong>subsidia</strong></span> <span class='ocrx_word' id='word_1_29' title='bbox 314 741 511 824; x_wconf 76' lang='lat' dir='ltr'><strong>artificioque</strong></span> <span class='ocrx_word' id='word_1_30' title='bbox 535 741 701 806; x_wconf 87' lang='lat' dir='ltr'><strong>enucleare</strong></span> <span class='ocrx_word' id='word_1_31' title='bbox 731 741 865 820; x_wconf 90' lang='lat' dir='ltr'><strong>studuit,</strong></span> <span class='ocrx_word' id='word_1_32' title='bbox 900 740 1015 823; x_wconf 92' lang='lat' dir='ltr'><strong>quibus</strong></span> <span class='ocrx_word' id='word_1_33' title='bbox 1048 741 1089 804; x_wconf 88' lang='lat' dir='ltr'><strong>ad</strong></span> <span class='ocrx_word' id='word_1_34' title='bbox 1121 743 1302 822; x_wconf 82' lang='lat' dir='ltr'><strong>augendum</strong></span> <span class='ocrx_word' id='word_1_35' title='bbox 1330 766 1389 807; x_wconf 91' lang='lat' dir='ltr'><strong>nu-</strong></span> 
     </span>
     <span class='ocr_line' id='line_1_6' title="bbox 95 846 1388 930; baseline 0.002 -21"><span class='ocrx_word' id='word_1_36' title='bbox 95 851 98 858; x_wconf 90' lang='lat'>&#39;</span> <span class='ocrx_word' id='word_1_37' title='bbox 147 868 269 910; x_wconf 81' lang='lat' dir='ltr'><strong>marum</strong></span> <span class='ocrx_word' id='word_1_38' title='bbox 287 869 406 922; x_wconf 53' lang='lat' dir='ltr'><strong>,vocum</strong></span> <span class='ocrx_word' id='word_1_39' title='bbox 430 847 659 930; x_wconf 75' lang='lat' dir='ltr'>dactylicarum</span> <span class='ocrx_word' id='word_1_40' title='bbox 681 848 731 910; x_wconf 93' lang='lat' dir='ltr'><strong>usi</strong></span> <span class='ocrx_word' id='word_1_41' title='bbox 754 848 820 910; x_wconf 90' lang='lat' dir='ltr'><strong>sint</strong></span> <span class='ocrx_word' id='word_1_42' title='bbox 842 849 957 930; x_wconf 87' lang='lat' dir='ltr'><strong>po&#39;e&#39;tae</strong></span> <span class='ocrx_word' id='word_1_43' title='bbox 980 846 1096 910; x_wconf 89' lang='lat' dir='ltr'><strong>Latini.</strong></span> <span class='ocrx_word' id='word_1_44' title='bbox 1133 847 1221 923; x_wconf 85' lang='lat' dir='ltr'><strong>Quae</strong></span> <span class='ocrx_word' id='word_1_45' title='bbox 1243 849 1327 914; x_wconf 90' lang='lat' dir='ltr'><strong>inter</strong></span> <span class='ocrx_word' id='word_1_46' title='bbox 1346 887 1388 894; x_wconf 93' lang='lat'>—</span> 
     </span>
     <span class='ocr_line' id='line_1_7' title="bbox 148 953 1389 1039; baseline 0.004 -23"><span class='ocrx_word' id='word_1_47' title='bbox 148 955 185 1016; x_wconf 92' lang='lat' dir='ltr'><strong>ut</strong></span> <span class='ocrx_word' id='word_1_48' title='bbox 212 956 338 1018; x_wconf 86' lang='lat' dir='ltr'><strong>taceam</strong></span> <span class='ocrx_word' id='word_1_49' title='bbox 367 955 404 1018; x_wconf 91' lang='lat' dir='ltr'><strong>de</strong></span> <span class='ocrx_word' id='word_1_50' title='bbox 427 953 656 1019; x_wconf 92' lang='lat' dir='ltr'><strong>vocabulorum</strong></span> <span class='ocrx_word' id='word_1_51' title='bbox 685 954 726 1017; x_wconf 88' lang='lat' dir='ltr'><strong>ad</strong></span> <span class='ocrx_word' id='word_1_52' title='bbox 753 954 894 1017; x_wconf 91' lang='lat' dir='ltr'><strong>rationes</strong></span> <span class='ocrx_word' id='word_1_53' title='bbox 922 954 1085 1039; x_wconf 19' lang='lat' dir='ltr'><strong>matrices,</strong></span> <span class='ocrx_word' id='word_1_54' title='bbox 1101 954 1320 1035; x_wconf 79' lang='lat' dir='ltr'><strong>collocatione,</strong></span> <span class='ocrx_word' id='word_1_55' title='bbox 1351 957 1389 1021; x_wconf 88' lang='lat' dir='ltr'><strong>de</strong></span> 
     </span>
     <span class='ocr_line' id='line_1_8' title="bbox 148 1040 1389 1146; baseline 0.003 -22"><span class='ocrx_word' id='word_1_56' title='bbox 148 1062 312 1126; x_wconf 86' lang='lat' dir='ltr'><strong>nominum</strong></span> <span class='ocrx_word' id='word_1_57' title='bbox 334 1061 384 1125; x_wconf 88' lang='lat' dir='ltr'><strong>vel</strong></span> <span class='ocrx_word' id='word_1_58' title='bbox 407 1062 628 1126; x_wconf 76' lang='lat' dir='ltr'><strong>imminutione</strong></span> <span class='ocrx_word' id='word_1_59' title='bbox 652 1060 702 1124; x_wconf 89' lang='lat' dir='ltr'><strong>vel</strong></span> <span class='ocrx_word' id='word_1_60' title='bbox 726 1040 996 1142; x_wconf 70' lang='lat' dir='ltr'><strong>amplificatione,</strong></span> <span class='ocrx_word' id='word_1_61' title='bbox 1016 1060 1209 1143; x_wconf 85' lang='lat' dir='ltr'>syllabarum</span> <span class='ocrx_word' id='word_1_62' title='bbox 1236 1061 1294 1145; x_wconf 73' lang='lat' dir='ltr'><strong>aut</strong></span> <span class='ocrx_word' id='word_1_63' title='bbox 1316 1085 1389 1146; x_wconf 94' lang='lat' dir='ltr'><strong>pro-</strong></span> 
     </span>
     <span class='ocr_line' id='line_1_9' title="bbox 150 1167 1389 1258; baseline 0.001 -26"><span class='ocrx_word' id='word_1_64' title='bbox 150 1169 298 1232; x_wconf 88' lang='lat' dir='ltr'><strong>ductione</strong></span> <span class='ocrx_word' id='word_1_65' title='bbox 320 1171 379 1257; x_wconf 87' lang='lat' dir='ltr'><strong>aut</strong></span> <span class='ocrx_word' id='word_1_66' title='bbox 397 1169 605 1251; x_wconf 80' lang='lat' dir='ltr'><strong>correptione,</strong></span> <span class='ocrx_word' id='word_1_67' title='bbox 630 1167 763 1229; x_wconf 87' lang='lat' dir='ltr'><strong>aliis-</strong></span> <span class='ocrx_word' id='word_1_68' title='bbox 783 1189 840 1230; x_wconf 92' lang='lat' dir='ltr'><strong>suo</strong></span> <span class='ocrx_word' id='word_1_69' title='bbox 859 1167 926 1230; x_wconf 89' lang='lat' dir='ltr'><strong>iure</strong></span> <span class='ocrx_word' id='word_1_70' title='bbox 945 1167 1131 1258; x_wconf 81' lang='lat' dir='ltr'><strong>primarium</strong></span> <span class='ocrx_word' id='word_1_71' title='bbox 1154 1167 1259 1232; x_wconf 88' lang='lat' dir='ltr'><strong>locum</strong></span> <span class='ocrx_word' id='word_1_72' title='bbox 1281 1171 1389 1234; x_wconf 89' lang='lat' dir='ltr'><strong>tenere</strong></span> 
     </span>
     <span class='ocr_line' id='line_1_10' title="bbox 150 1253 1390 1356; baseline 0.001 -18"><span class='ocrx_word' id='word_1_73' title='bbox 150 1276 377 1340; x_wconf 89' lang='lat' dir='ltr'><strong>animadvertit</strong></span> <span class='ocrx_word' id='word_1_74' title='bbox 406 1276 454 1338; x_wconf 92' lang='lat' dir='ltr'><strong>vir</strong></span> <span class='ocrx_word' id='word_1_75' title='bbox 477 1274 530 1337; x_wconf 88' lang='lat' dir='ltr'><strong>ille</strong></span> <span class='ocrx_word' id='word_1_76' title='bbox 554 1273 758 1337; x_wconf 87' lang='lat' dir='ltr'><strong>doctissimus</strong></span> <span class='ocrx_word' id='word_1_77' title='bbox 781 1253 939 1336; x_wconf 81' lang='lat' dir='ltr'><strong>vocabula</strong></span> <span class='ocrx_word' id='word_1_78' title='bbox 961 1271 1012 1335; x_wconf 85' lang='lat' dir='ltr'><strong>ab&#39;</strong></span> <span class='ocrx_word' id='word_1_79' title='bbox 1025 1273 1103 1356; x_wconf 91' lang='lat' dir='ltr'><strong>ipsis</strong></span> <span class='ocrx_word' id='word_1_80' title='bbox 1126 1275 1230 1356; x_wconf 72' lang='lat' dir='ltr'><strong>poetis</strong></span> <span class='ocrx_word' id='word_1_81' title='bbox 1255 1275 1390 1339; x_wconf 90' lang='lat' dir='ltr'><strong>conficta</strong></span> 
     </span>
     <span class='ocr_line' id='line_1_11' title="bbox 149 1375 1391 1465; baseline 0.001 -20"><span class='ocrx_word' id='word_1_82' title='bbox 149 1383 349 1465; x_wconf 89' lang='lat' dir='ltr'><strong>primumque</strong></span> <span class='ocrx_word' id='word_1_83' title='bbox 379 1382 412 1444; x_wconf 90' lang='lat' dir='ltr'><strong>in</strong></span> <span class='ocrx_word' id='word_1_84' title='bbox 442 1380 585 1461; x_wconf 82' lang='lat' dir='ltr'><strong>linguam</strong></span> <span class='ocrx_word' id='word_1_85' title='bbox 614 1379 763 1443; x_wconf 88' lang='lat' dir='ltr'><strong>Latinam</strong></span> <span class='ocrx_word' id='word_1_86' title='bbox 793 1380 978 1444; x_wconf 89' lang='lat' dir='ltr'><strong>introducta</strong></span> <span class='ocrx_word' id='word_1_87' title='bbox 986 1375 1022 1462; x_wconf 76' lang='grc'><strong>4).</strong></span> <span class='ocrx_word' id='word_1_88' title='bbox 1068 1379 1127 1442; x_wconf 86' lang='lat' dir='ltr'><strong>Est</strong></span> <span class='ocrx_word' id='word_1_89' title='bbox 1141 1381 1300 1446; x_wconf 72' lang='lat' dir='ltr'><strong>,nimirum</strong></span> <span class='ocrx_word' id='word_1_90' title='bbox 1328 1382 1391 1447; x_wconf 93' lang='lat' dir='ltr'><strong>hoc</strong></span> 
     </span>
     <span class='ocr_line' id='line_1_12' title="bbox 149 1487 1392 1571; baseline 0 -19"><span class='ocrx_word' id='word_1_91' title='bbox 149 1491 327 1571; x_wconf 74' lang='lat' dir='ltr'><strong>poetarum,</strong></span> <span class='ocrx_word' id='word_1_92' title='bbox 357 1489 395 1550; x_wconf 91' lang='lat' dir='ltr'><strong>ut</strong></span> <span class='ocrx_word' id='word_1_93' title='bbox 419 1509 481 1564; x_wconf 90' lang='lat' dir='ltr'><strong>eas,</strong></span> <span class='ocrx_word' id='word_1_94' title='bbox 515 1509 595 1569; x_wconf 88' lang='lat' dir='ltr'><strong>quae</strong></span> <span class='ocrx_word' id='word_1_95' title='bbox 624 1487 737 1550; x_wconf 89' lang='lat' dir='ltr'><strong>animis</strong></span> <span class='ocrx_word' id='word_1_96' title='bbox 766 1509 875 1551; x_wconf 92' lang='lat' dir='ltr'><strong>eorum</strong></span> <span class='ocrx_word' id='word_1_97' title='bbox 899 1487 1108 1551; x_wconf 86' lang='lat' dir='ltr'><strong>obversantur</strong></span> <span class='ocrx_word' id='word_1_98' title='bbox 1137 1488 1285 1553; x_wconf 87' lang='lat' dir='ltr'><strong>notiones</strong></span> <span class='ocrx_word' id='word_1_99' title='bbox 1312 1489 1392 1552; x_wconf 90' lang='lat' dir='ltr'><strong>ima-</strong></span> 
     </span>
     <span class='ocr_line' id='line_1_13' title="bbox 149 1593 1393 1676; baseline 0.001 -18"><span class='ocrx_word' id='word_1_100' title='bbox 149 1595 279 1676; x_wconf 83' lang='lat' dir='ltr'><strong>ginesvs</strong></span> <span class='ocrx_word' id='word_1_101' title='bbox 307 1594 361 1656; x_wconf 91' lang='lat' dir='ltr'><strong>hic</strong></span> <span class='ocrx_word' id='word_1_102' title='bbox 383 1593 448 1656; x_wconf 92' lang='lat' dir='ltr'><strong>illic</strong></span> <span class='ocrx_word' id='word_1_103' title='bbox 470 1594 652 1658; x_wconf 87' lang='lat' dir='ltr'><strong>nominibus</strong></span> <span class='ocrx_word' id='word_1_104' title='bbox 679 1593 786 1657; x_wconf 84' lang='lat' dir='ltr'><strong>adhuc</strong></span> <span class='ocrx_word' id='word_1_105' title='bbox 812 1594 846 1656; x_wconf 94' lang='lat' dir='ltr'><strong>in</strong></span> <span class='ocrx_word' id='word_1_106' title='bbox 874 1615 1027 1671; x_wconf 87' lang='lat' dir='ltr'><strong>sermono,</strong></span> <span class='ocrx_word' id='word_1_107' title='bbox 1060 1615 1123 1676; x_wconf 93' lang='lat' dir='ltr'><strong>quo</strong></span> <span class='ocrx_word' id='word_1_108' title='bbox 1151 1596 1295 1672; x_wconf 89' lang='lat' dir='ltr'><strong>utuntur,</strong></span> <span class='ocrx_word' id='word_1_109' title='bbox 1328 1618 1393 1660; x_wconf 90' lang='lat' dir='ltr'><strong>uon</strong></span> 
     </span>
     <span class='ocr_line' id='line_1_14' title="bbox 150 1698 1393 1783; baseline 0.002 -19"><span class='ocrx_word' id='word_1_110' title='bbox 150 1700 364 1780; x_wconf 87' lang='lat' dir='ltr'><strong>exstantibus,</strong></span> <span class='ocrx_word' id='word_1_111' title='bbox 396 1700 451 1763; x_wconf 90' lang='lat' dir='ltr'><strong>sed</strong></span> <span class='ocrx_word' id='word_1_112' title='bbox 474 1700 516 1764; x_wconf 87' lang='lat' dir='ltr'><strong>ab</strong></span> <span class='ocrx_word' id='word_1_113' title='bbox 538 1701 616 1783; x_wconf 88' lang='lat' dir='ltr'><strong>ipsis</strong></span> <span class='ocrx_word' id='word_1_114' title='bbox 639 1700 779 1763; x_wconf 89' lang='lat' dir='ltr'><strong>inventis</strong></span> <span class='ocrx_word' id='word_1_115' title='bbox 803 1699 992 1780; x_wconf 87' lang='lat' dir='ltr'><strong>significent,</strong></span> <span class='ocrx_word' id='word_1_116' title='bbox 1025 1698 1140 1782; x_wconf 90' lang='lat' dir='ltr'><strong>quibus</strong></span> <span class='ocrx_word' id='word_1_117' title='bbox 1170 1701 1312 1782; x_wconf 83' lang='lat' dir='ltr'><strong>linguam</strong></span> <span class='ocrx_word' id='word_1_118' title='bbox 1341 1723 1393 1766; x_wconf 92' lang='lat' dir='ltr'><strong>co-</strong></span> 
     </span>
     <span class='ocr_line' id='line_1_15' title="bbox 150 1806 1393 1897; baseline 0.001 -27"><span class='ocrx_word' id='word_1_119' title='bbox 150 1807 229 1888; x_wconf 89' lang='lat' dir='ltr'><strong>lant,</strong></span> <span class='ocrx_word' id='word_1_120' title='bbox 254 1809 404 1889; x_wconf 82' lang='lat' dir='ltr'><strong>augeant,</strong></span> <span class='ocrx_word' id='word_1_121' title='bbox 429 1807 632 1891; x_wconf 87' lang='lat' dir='ltr'><strong>amplificent.</strong></span> <span class='ocrx_word' id='word_1_122' title='bbox 670 1806 773 1882; x_wconf 82' lang='lat' dir='ltr'><strong>Quam</strong></span> <span class='ocrx_word' id='word_1_123' title='bbox 796 1806 959 1897; x_wconf 85' lang='lat' dir='ltr'><strong>licentiam</strong></span> <span class='ocrx_word' id='word_1_124' title='bbox 982 1828 1040 1870; x_wconf 91' lang='lat' dir='ltr'><strong>suo</strong></span> <span class='ocrx_word' id='word_1_125' title='bbox 1063 1807 1130 1870; x_wconf 91' lang='lat' dir='ltr'><strong>iure</strong></span> <span class='ocrx_word' id='word_1_126' title='bbox 1154 1807 1215 1871; x_wconf 92' lang='lat' dir='ltr'><strong>sibi</strong></span> <span class='ocrx_word' id='word_1_127' title='bbox 1238 1807 1393 1888; x_wconf 84' lang='lat' dir='ltr'><strong>adrogare</strong></span> 
     </span>
     <span class='ocr_line' id='line_1_16' title="bbox 151 1912 1393 1998; baseline 0 -21"><span class='ocrx_word' id='word_1_128' title='bbox 151 1915 290 1979; x_wconf 91' lang='lat' dir='ltr'><strong>cuiusvis</strong></span> <span class='ocrx_word' id='word_1_129' title='bbox 325 1915 442 1978; x_wconf 89' lang='lat' dir='ltr'><strong>aetatis</strong></span> <span class='ocrx_word' id='word_1_130' title='bbox 477 1917 590 1998; x_wconf 70' lang='lat' dir='ltr'><strong>poetas</strong></span> <span class='ocrx_word' id='word_1_131' title='bbox 625 1913 912 1978; x_wconf 89' lang='lat' dir='ltr'><strong>luculentissimum</strong></span> <span class='ocrx_word' id='word_1_132' title='bbox 946 1912 1101 1978; x_wconf 90' lang='lat' dir='ltr'><strong>habemus</strong></span> <span class='ocrx_word' id='word_1_133' title='bbox 1135 1915 1252 1978; x_wconf 81' lang='lat' dir='ltr'><strong>testem</strong></span> <span class='ocrx_word' id='word_1_134' title='bbox 1288 1914 1393 1997; x_wconf 92' lang='lat' dir='ltr'><strong>ipsum</strong></span> 
     </span>
     <span class='ocr_line' id='line_1_17' title="bbox 149 2016 1393 2103; baseline 0.001 -19"><span class='ocrx_word' id='word_1_135' title='bbox 149 2016 320 2098; x_wconf 88' lang='lat' dir='ltr'><strong>Horatium</strong></span> <span class='ocrx_word' id='word_1_136' title='bbox 351 2020 496 2085; x_wconf 85' lang='lat' dir='ltr'><strong>versibus</strong></span> <span class='ocrx_word' id='word_1_137' title='bbox 530 2021 593 2084; x_wconf 91' lang='lat' dir='ltr'><strong>illis</strong></span> <span class='ocrx_word' id='word_1_138' title='bbox 624 2019 832 2085; x_wconf 86' lang='lat' dir='ltr'><strong>nobilissimis</strong></span> <span class='ocrx_word' id='word_1_139' title='bbox 866 2021 900 2083; x_wconf 94' lang='lat' dir='ltr'><strong>in</strong></span> <span class='ocrx_word' id='word_1_140' title='bbox 935 2019 1144 2103; x_wconf 87' lang='lat' dir='ltr'><strong>epistularum</strong></span> <span class='ocrx_word' id='word_1_141' title='bbox 1176 2019 1258 2084; x_wconf 88' lang='lat' dir='ltr'><strong>libro</strong></span> <span class='ocrx_word' id='word_1_142' title='bbox 1291 2020 1393 2085; x_wconf 88' lang='lat' dir='ltr'><strong>altero</strong></span> 
     </span>
     <span class='ocr_line' id='line_1_18' title="bbox 149 2123 1311 2210; baseline -0.004 -18"><span class='ocrx_word' id='word_1_143' title='bbox 149 2151 199 2192; x_wconf 90' lang='lat' dir='ltr'><strong>vv.</strong></span> <span class='ocrx_word' id='word_1_144' title='bbox 226 2126 401 2192; x_wconf 80' lang='lat'>109—125</span> <span class='ocrx_word' id='word_1_145' title='bbox 426 2130 458 2191; x_wconf 90' lang='lat' dir='ltr'><strong>et</strong></span> <span class='ocrx_word' id='word_1_146' title='bbox 481 2128 514 2190; x_wconf 88' lang='lat' dir='ltr'><strong>in</strong></span> <span class='ocrx_word' id='word_1_147' title='bbox 538 2127 617 2191; x_wconf 87' lang='lat' dir='ltr'><strong>artis</strong></span> <span class='ocrx_word' id='word_1_148' title='bbox 640 2127 796 2210; x_wconf 75' lang='lat' dir='ltr'><strong>poeticae,</strong></span> <span class='ocrx_word' id='word_1_149' title='bbox 822 2148 918 2208; x_wconf 90' lang='lat' dir='ltr'><strong>quam</strong></span> <span class='ocrx_word' id='word_1_150' title='bbox 940 2128 1069 2205; x_wconf 89' lang='lat' dir='ltr'><strong>vocant,</strong></span> <span class='ocrx_word' id='word_1_151' title='bbox 1093 2149 1143 2190; x_wconf 93' lang='lat' dir='ltr'><strong>vv.</strong></span> <span class='ocrx_word' id='word_1_152' title='bbox 1169 2123 1311 2190; x_wconf 80' lang='lat'><strong>47—59.</strong></span> 
     </span>
     <span class='ocr_line' id='line_1_19' title="bbox 239 2231 1394 2316; baseline -0.001 -19"><span class='ocrx_word' id='word_1_153' title='bbox 239 2233 447 2315; x_wconf 87' lang='lat' dir='ltr'><strong>Reliquorum</strong></span> <span class='ocrx_word' id='word_1_154' title='bbox 478 2235 586 2298; x_wconf 88' lang='lat' dir='ltr'><strong>autem</strong></span> <span class='ocrx_word' id='word_1_155' title='bbox 614 2235 783 2316; x_wconf 82' lang='lat' dir='ltr'><strong>po‘e&#39;tarum</strong></span> <span class='ocrx_word' id='word_1_156' title='bbox 806 2233 1022 2296; x_wconf 90' lang='lat' dir='ltr'><strong>Romanorum</strong></span> <span class='ocrx_word' id='word_1_157' title='bbox 1051 2231 1084 2294; x_wconf 93' lang='lat' dir='ltr'><strong>in</strong></span> <span class='ocrx_word' id='word_1_158' title='bbox 1114 2254 1291 2296; x_wconf 90' lang='lat' dir='ltr'><strong>sermonem</strong></span> <span class='ocrx_word' id='word_1_159' title='bbox 1322 2255 1394 2297; x_wconf 89' lang='lat' dir='ltr'><strong>cum</strong></span> 
     </span>
     <span class='ocr_line' id='line_1_20' title="bbox 151 2327 1391 2422; baseline 0.002 -20"><span class='ocrx_word' id='word_1_160' title='bbox 151 2341 217 2404; x_wconf 91' lang='lat' dir='ltr'><strong>iam</strong></span> <span class='ocrx_word' id='word_1_161' title='bbox 245 2339 333 2422; x_wconf 91' lang='lat' dir='ltr'><strong>prius</strong></span> <span class='ocrx_word' id='word_1_162' title='bbox 365 2327 555 2421; x_wconf 87' lang='lat' dir='ltr'><strong>inquisitum</strong></span> <span class='ocrx_word' id='word_1_163' title='bbox 585 2339 627 2402; x_wconf 91' lang='lat' dir='ltr'><strong>sit</strong></span> <span class='ocrx_word' id='word_1_164' title='bbox 659 2362 678 2403; x_wconf 98' lang='lat' dir='ltr'><strong>a</strong></span> <span class='ocrx_word' id='word_1_165' title='bbox 707 2339 784 2404; x_wconf 91' lang='lat' dir='ltr'><strong>viris</strong></span> <span class='ocrx_word' id='word_1_166' title='bbox 817 2338 920 2403; x_wconf 89' lang='lat' dir='ltr'><strong>doctis</strong></span> <span class='ocrx_word' id='word_1_167' title='bbox 953 2339 1005 2401; x_wconf 89' lang='lat' dir='ltr'><strong>sat</strong></span> <span class='ocrx_word' id='word_1_168' title='bbox 1036 2338 1146 2402; x_wconf 91' lang='lat' dir='ltr'><strong>multis</strong></span> <span class='ocrx_word' id='word_1_169' title='bbox 1179 2339 1391 2421; x_wconf 85' lang='lat' dir='ltr'><strong>evictumque,</strong></span> 
     </span>
     <span class='ocr_line' id='line_1_21' title="bbox 151 2442 1393 2530; baseline 0.002 -21"><span class='ocrx_word' id='word_1_170' title='bbox 151 2468 232 2530; x_wconf 90' lang='lat' dir='ltr'><strong>quae</strong></span> <span class='ocrx_word' id='word_1_171' title='bbox 253 2446 426 2528; x_wconf 89' lang='lat' dir='ltr'><strong>qualiaque</strong></span> <span class='ocrx_word' id='word_1_172' title='bbox 443 2446 528 2530; x_wconf 90' lang='lat' dir='ltr'><strong>apud</strong></span> <span class='ocrx_word' id='word_1_173' title='bbox 552 2467 708 2529; x_wconf 87' lang='lat' dir='ltr'><strong>quomque</strong></span> <span class='ocrx_word' id='word_1_174' title='bbox 728 2447 897 2511; x_wconf 87' lang='lat' dir='ltr'><strong>occurrant</strong></span> <span class='ocrx_word' id='word_1_175' title='bbox 913 2445 1070 2510; x_wconf 89' lang='lat' dir='ltr'><strong>vocobula</strong></span> <span class='ocrx_word' id='word_1_176' title='bbox 1084 2447 1211 2511; x_wconf 89' lang='lat' dir='ltr'><strong>novicia</strong></span> <span class='ocrx_word' id='word_1_177' title='bbox 1218 2442 1253 2530; x_wconf 83' lang='lat'><strong>⁵),</strong></span> <span class='ocrx_word' id='word_1_178' title='bbox 1278 2447 1393 2511; x_wconf 91' lang='lat' dir='ltr'><strong>mirum</strong></span> 
     </span>
    </p>
   </div>
   <div class='ocr_carea' id='block_1_3' title="bbox 149 2709 1425 4629">
    <p class='ocr_par' dir='ltr' id='par_1_3' title="bbox 240 2709 754 2779">
     <span class='ocr_line' id='line_1_22' title="bbox 240 2709 754 2779; baseline -0.002 -16"><span class='ocrx_word' id='word_1_179' title='bbox 240 2709 258 2779; x_wconf 89' lang='lat'><strong>¹)</strong></span> <span class='ocrx_word' id='word_1_180' title='bbox 276 2710 456 2765; x_wconf 85' lang='lat' dir='ltr'><strong>Drobisch:</strong></span> <span class='ocrx_word' id='word_1_181' title='bbox 476 2711 494 2764; x_wconf 95' lang='lat' dir='ltr'><strong>l.</strong></span> <span class='ocrx_word' id='word_1_182' title='bbox 513 2711 530 2764; x_wconf 95' lang='lat' dir='ltr'><strong>l.</strong></span> <span class='ocrx_word' id='word_1_183' title='bbox 550 2709 628 2778; x_wconf 87' lang='grc'><strong>1866,</strong></span> <span class='ocrx_word' id='word_1_184' title='bbox 647 2728 673 2778; x_wconf 94' lang='lat' dir='ltr'><strong>p.</strong></span> <span class='ocrx_word' id='word_1_185' title='bbox 695 2709 754 2764; x_wconf 91' lang='lat'>138.</span> 
     </span>
    </p>

    <p class='ocr_par' dir='ltr' id='par_1_4' title="bbox 236 2795 1319 2868">
     <span class='ocr_line' id='line_1_23' title="bbox 236 2795 1319 2868; baseline -0.002 -16"><span class='ocrx_word' id='word_1_186' title='bbox 236 2797 417 2868; x_wconf 85' lang='lat' dir='ltr'><strong>Hultgren:</strong></span> <span class='ocrx_word' id='word_1_187' title='bbox 438 2799 514 2855; x_wconf 89' lang='lat' dir='ltr'><strong>Obss.</strong></span> <span class='ocrx_word' id='word_1_188' title='bbox 534 2803 613 2853; x_wconf 90' lang='lat' dir='ltr'><strong>metr.</strong></span> <span class='ocrx_word' id='word_1_189' title='bbox 632 2799 654 2866; x_wconf 91' lang='lat'><strong>1,</strong></span> <span class='ocrx_word' id='word_1_190' title='bbox 672 2816 698 2867; x_wconf 93' lang='lat' dir='ltr'><strong>p.</strong></span> <span class='ocrx_word' id='word_1_191' title='bbox 719 2799 736 2851; x_wconf 88' lang='lat'><strong>3</strong></span> <span class='ocrx_word' id='word_1_192' title='bbox 754 2815 828 2865; x_wconf 72' lang='lat' dir='ltr'><strong>sqq,</strong></span> <span class='ocrx_word' id='word_1_193' title='bbox 845 2796 1011 2852; x_wconf 77' lang='lat' dir='ltr'><strong>Fleckeisen.</strong></span> <span class='ocrx_word' id='word_1_194' title='bbox 1031 2796 1121 2850; x_wconf 87' lang='lat' dir='ltr'><strong>annal.</strong></span> <span class='ocrx_word' id='word_1_195' title='bbox 1140 2795 1157 2850; x_wconf 93' lang='lat' dir='ltr'><strong>l.</strong></span> <span class='ocrx_word' id='word_1_196' title='bbox 1176 2797 1195 2850; x_wconf 92' lang='lat' dir='ltr'><strong>l.</strong></span> <span class='ocrx_word' id='word_1_197' title='bbox 1214 2815 1240 2865; x_wconf 94' lang='lat' dir='ltr'><strong>p.</strong></span> <span class='ocrx_word' id='word_1_198' title='bbox 1262 2796 1319 2850; x_wconf 88' lang='grc'><strong>746.</strong></span> 
     </span>
    </p>

    <p class='ocr_par' dir='ltr' id='par_1_5' title="bbox 238 2884 1188 2956">
     <span class='ocr_line' id='line_1_24' title="bbox 238 2884 1188 2956; baseline 0 -16"><span class='ocrx_word' id='word_1_199' title='bbox 238 2885 258 2955; x_wconf 74' lang='lat'><strong>²)</strong></span> <span class='ocrx_word' id='word_1_200' title='bbox 276 2887 366 2940; x_wconf 89' lang='lat' dir='ltr'><strong>Birt:</strong></span> <span class='ocrx_word' id='word_1_201' title='bbox 385 2886 403 2940; x_wconf 93' lang='lat' dir='ltr'><strong>l.</strong></span> <span class='ocrx_word' id='word_1_202' title='bbox 421 2887 439 2942; x_wconf 93' lang='lat' dir='ltr'><strong>l.</strong></span> <span class='ocrx_word' id='word_1_203' title='bbox 459 2906 485 2956; x_wconf 88' lang='lat' dir='ltr'><strong>p.</strong></span> <span class='ocrx_word' id='word_1_204' title='bbox 505 2888 530 2941; x_wconf 84' lang='lat'><strong>6.</strong></span> <span class='ocrx_word' id='word_1_205' title='bbox 550 2917 584 2926; x_wconf 90' lang='lat'><em>-</em></span> <span class='ocrx_word' id='word_1_206' title='bbox 603 2888 724 2953; x_wconf 86' lang='lat' dir='ltr'><strong>Meyer:</strong></span> <span class='ocrx_word' id='word_1_207' title='bbox 744 2887 761 2941; x_wconf 94' lang='lat' dir='ltr'><strong>l.</strong></span> <span class='ocrx_word' id='word_1_208' title='bbox 781 2887 798 2940; x_wconf 92' lang='lat' dir='ltr'><strong>l.</strong></span> <span class='ocrx_word' id='word_1_209' title='bbox 819 2905 844 2955; x_wconf 89' lang='lat' dir='ltr'><strong>p.</strong></span> <span class='ocrx_word' id='word_1_210' title='bbox 865 2885 935 2941; x_wconf 87' lang='lat'>1008</span> <span class='ocrx_word' id='word_1_211' title='bbox 953 2904 1021 2954; x_wconf 77' lang='lat' dir='ltr'><strong>sqq,</strong></span> <span class='ocrx_word' id='word_1_212' title='bbox 1041 2884 1112 2939; x_wconf 80' lang='lat'>1024</span> <span class='ocrx_word' id='word_1_213' title='bbox 1130 2903 1188 2952; x_wconf 89' lang='lat' dir='ltr'><strong>sqq.</strong></span> 
     </span>
    </p>

    <p class='ocr_par' dir='ltr' id='par_1_6' title="bbox 238 2973 1024 3045">
     <span class='ocr_line' id='line_1_25' title="bbox 238 2973 1024 3045; baseline -0.001 -16"><span class='ocrx_word' id='word_1_214' title='bbox 238 2973 259 3044; x_wconf 78' lang='grc'><strong>8)</strong></span> <span class='ocrx_word' id='word_1_215' title='bbox 277 2975 459 3045; x_wconf 82' lang='lat' dir='ltr'><strong>Hultgren:</strong></span> <span class='ocrx_word' id='word_1_216' title='bbox 478 2976 648 3030; x_wconf 85' lang='lat' dir='ltr'><strong>Fleckeiseni</strong></span> <span class='ocrx_word' id='word_1_217' title='bbox 666 2976 755 3031; x_wconf 88' lang='lat' dir='ltr'><strong>annal.</strong></span> <span class='ocrx_word' id='word_1_218' title='bbox 774 2976 792 3030; x_wconf 93' lang='lat' dir='ltr'><strong>l.</strong></span> <span class='ocrx_word' id='word_1_219' title='bbox 811 2976 829 3029; x_wconf 90' lang='lat' dir='ltr'><strong>l.</strong></span> <span class='ocrx_word' id='word_1_220' title='bbox 848 2994 874 3044; x_wconf 93' lang='lat' dir='ltr'><strong>p.</strong></span> <span class='ocrx_word' id='word_1_221' title='bbox 895 2975 947 3029; x_wconf 87' lang='grc'><strong>753</strong></span> <span class='ocrx_word' id='word_1_222' title='bbox 965 2992 1024 3042; x_wconf 86' lang='lat' dir='ltr'><strong>sqq.</strong></span> 
     </span>
    </p>

    <p class='ocr_par' dir='ltr' id='par_1_7' title="bbox 237 3062 736 3134">
     <span class='ocr_line' id='line_1_26' title="bbox 237 3062 736 3134; baseline 0.002 -17"><span class='ocrx_word' id='word_1_223' title='bbox 237 3062 258 3132; x_wconf 75' lang='lat'><strong>⁴)</strong></span> <span class='ocrx_word' id='word_1_224' title='bbox 277 3064 382 3117; x_wconf 88' lang='lat' dir='ltr'><strong>Idem:</strong></span> <span class='ocrx_word' id='word_1_225' title='bbox 401 3065 470 3118; x_wconf 90' lang='lat' dir='ltr'><strong>Ibid.</strong></span> <span class='ocrx_word' id='word_1_226' title='bbox 489 3083 516 3133; x_wconf 92' lang='lat' dir='ltr'><strong>p.</strong></span> <span class='ocrx_word' id='word_1_227' title='bbox 537 3064 601 3132; x_wconf 82' lang='grc'><strong>749;</strong></span> <span class='ocrx_word' id='word_1_228' title='bbox 619 3065 736 3134; x_wconf 79' lang='lat' dir='ltr'><strong>saepiae.</strong></span> 
     </span>
    </p>

    <p class='ocr_par' dir='ltr' id='par_1_8' title="bbox 149 3149 1425 3488">
     <span class='ocr_line' id='line_1_27' title="bbox 223 3149 1393 3222; baseline 0.001 -19"><span class='ocrx_word' id='word_1_229' title='bbox 223 3149 259 3220; x_wconf 82' lang='lat'><strong>.⁵)</strong></span> <span class='ocrx_word' id='word_1_230' title='bbox 277 3152 373 3206; x_wconf 88' lang='lat' dir='ltr'><strong>Liceat</strong></span> <span class='ocrx_word' id='word_1_231' title='bbox 390 3153 469 3208; x_wconf 89' lang='lat' dir='ltr'><strong>nobis</strong></span> <span class='ocrx_word' id='word_1_232' title='bbox 494 3153 548 3208; x_wconf 90' lang='lat' dir='ltr'><strong>hoc</strong></span> <span class='ocrx_word' id='word_1_233' title='bbox 571 3153 633 3208; x_wconf 91' lang='lat' dir='ltr'><strong>loco</strong></span> <span class='ocrx_word' id='word_1_234' title='bbox 657 3153 777 3206; x_wconf 89' lang='lat' dir='ltr'><strong>inserere</strong></span> <span class='ocrx_word' id='word_1_235' title='bbox 802 3156 982 3221; x_wconf 89' lang='lat' dir='ltr'><strong>conspectum</strong></span> <span class='ocrx_word' id='word_1_236' title='bbox 1006 3151 1149 3222; x_wconf 89' lang='lat' dir='ltr'><strong>librorum,</strong></span> <span class='ocrx_word' id='word_1_237' title='bbox 1176 3151 1277 3219; x_wconf 92' lang='lat' dir='ltr'><strong>quibus</strong></span> <span class='ocrx_word' id='word_1_238' title='bbox 1300 3151 1393 3221; x_wconf 86' lang='lat' dir='ltr'><strong>singu-</strong></span> 
     </span>
     <span class='ocr_line' id='line_1_28' title="bbox 149 3239 1393 3318; baseline 0.002 -26"><span class='ocrx_word' id='word_1_239' title='bbox 149 3240 242 3295; x_wconf 88' lang='lat' dir='ltr'><strong>lorum</strong></span> <span class='ocrx_word' id='word_1_240' title='bbox 272 3241 448 3310; x_wconf 89' lang='lat' dir='ltr'><strong>scriptorum,</strong></span> <span class='ocrx_word' id='word_1_241' title='bbox 479 3243 600 3295; x_wconf 83' lang='lat' dir='ltr'><strong>maxime</strong></span> <span class='ocrx_word' id='word_1_242' title='bbox 629 3247 777 3311; x_wconf 73' lang='lat' dir='ltr'><strong>poetarum</strong></span> <span class='ocrx_word' id='word_1_243' title='bbox 805 3246 868 3296; x_wconf 89' lang='lat' dir='ltr'><strong>ante</strong></span> <span class='ocrx_word' id='word_1_244' title='bbox 897 3240 1026 3295; x_wconf 90' lang='lat' dir='ltr'><strong>Ovidium</strong></span> <span class='ocrx_word' id='word_1_245' title='bbox 1055 3239 1104 3308; x_wconf 88' lang='lat' dir='ltr'><strong>qui</strong></span> <span class='ocrx_word' id='word_1_246' title='bbox 1134 3244 1219 3308; x_wconf 89' lang='lat' dir='ltr'><strong>erant,</strong></span> <span class='ocrx_word' id='word_1_247' title='bbox 1251 3241 1280 3318; x_wconf 89' lang='lat' dir='ltr'><strong>in</strong></span> <span class='ocrx_word' id='word_1_248' title='bbox 1307 3258 1393 3310; x_wconf 87' lang='lat' dir='ltr'><strong>genus</strong></span> 
     </span>
     <span class='ocr_line' id='line_1_29' title="bbox 150 3327 1425 3398; baseline 0 -16"><span class='ocrx_word' id='word_1_249' title='bbox 150 3327 266 3395; x_wconf 87' lang='lat' dir='ltr'><strong>dicendi,</strong></span> <span class='ocrx_word' id='word_1_250' title='bbox 292 3329 428 3398; x_wconf 85' lang='lat' dir='ltr'><strong>imprimis</strong></span> <span class='ocrx_word' id='word_1_251' title='bbox 451 3330 480 3382; x_wconf 92' lang='lat' dir='ltr'><strong>in</strong></span> <span class='ocrx_word' id='word_1_252' title='bbox 497 3331 633 3385; x_wconf 81' lang='lat' dir='ltr'><strong>vocabula</strong></span> <span class='ocrx_word' id='word_1_253' title='bbox 655 3331 764 3386; x_wconf 89' lang='lat' dir='ltr'><strong>novicia</strong></span> <span class='ocrx_word' id='word_1_254' title='bbox 782 3330 986 3398; x_wconf 84' lang='lat' dir='ltr'><strong>inquisiverunt</strong></span> <span class='ocrx_word' id='word_1_255' title='bbox 1003 3329 1056 3384; x_wconf 89' lang='lat' dir='ltr'><strong>viri</strong></span> <span class='ocrx_word' id='word_1_256' title='bbox 1075 3329 1150 3384; x_wconf 90' lang='lat' dir='ltr'><strong>docti</strong></span> <span class='ocrx_word' id='word_1_257' title='bbox 1168 3358 1202 3366; x_wconf 94' lang='lat'>-</span> <span class='ocrx_word' id='word_1_258' title='bbox 1222 3329 1393 3384; x_wconf 81' lang='lat' dir='ltr'><strong>enumerabi·</strong></span> <span class='ocrx_word' id='word_1_259' title='bbox 1421 3355 1425 3366; x_wconf 94' lang='lat'>·</span> 
     </span>
     <span class='ocr_line' id='line_1_30' title="bbox 149 3419 1132 3488; baseline 0.002 -18"><span class='ocrx_word' id='word_1_260' title='bbox 149 3435 211 3470; x_wconf 88' lang='lat' dir='ltr'><strong>mus</strong></span> <span class='ocrx_word' id='word_1_261' title='bbox 231 3422 326 3472; x_wconf 88' lang='lat' dir='ltr'><strong>autem</strong></span> <span class='ocrx_word' id='word_1_262' title='bbox 344 3436 391 3473; x_wconf 89' lang='lat' dir='ltr'><strong>eos</strong></span> <span class='ocrx_word' id='word_1_263' title='bbox 409 3422 520 3473; x_wconf 87' lang='lat' dir='ltr'><strong>tantum</strong></span> <span class='ocrx_word' id='word_1_264' title='bbox 537 3419 631 3486; x_wconf 89' lang='lat' dir='ltr'><strong>libros,</strong></span> <span class='ocrx_word' id='word_1_265' title='bbox 651 3438 721 3488; x_wconf 91' lang='lat' dir='ltr'><strong>quos</strong></span> <span class='ocrx_word' id='word_1_266' title='bbox 740 3420 793 3488; x_wconf 89' lang='lat' dir='ltr'><strong>ipsi</strong></span> <span class='ocrx_word' id='word_1_267' title='bbox 811 3420 840 3472; x_wconf 92' lang='lat' dir='ltr'><strong>in</strong></span> <span class='ocrx_word' id='word_1_268' title='bbox 858 3437 941 3473; x_wconf 91' lang='lat' dir='ltr'><strong>usum</strong></span> <span class='ocrx_word' id='word_1_269' title='bbox 959 3419 1132 3473; x_wconf 89' lang='lat' dir='ltr'><strong>vocavimus:</strong></span> 
     </span>
    </p>

    <p class='ocr_par' dir='ltr' id='par_1_9' title="bbox 239 3506 1294 3577">
     <span class='ocr_line' id='line_1_31' title="bbox 239 3506 1294 3577; baseline 0 -17"><span class='ocrx_word' id='word_1_270' title='bbox 239 3506 267 3560; x_wconf 85' lang='lat' dir='ltr'><strong>C.</strong></span> <span class='ocrx_word' id='word_1_271' title='bbox 286 3508 399 3561; x_wconf 82' lang='lat' dir='ltr'><strong>Basta:</strong></span> <span class='ocrx_word' id='word_1_272' title='bbox 418 3509 458 3560; x_wconf 90' lang='lat' dir='ltr'><strong>De</strong></span> <span class='ocrx_word' id='word_1_273' title='bbox 476 3509 625 3562; x_wconf 90' lang='lat' dir='ltr'><strong>verborum</strong></span> <span class='ocrx_word' id='word_1_274' title='bbox 643 3508 844 3577; x_wconf 89' lang='lat' dir='ltr'><strong>compositione</strong></span> <span class='ocrx_word' id='word_1_275' title='bbox 862 3507 998 3574; x_wconf 90' lang='lat' dir='ltr'><strong>Plautina,</strong></span> <span class='ocrx_word' id='word_1_276' title='bbox 1017 3506 1197 3563; x_wconf 86' lang='lat' dir='ltr'><strong>Vratislaviae</strong></span> <span class='ocrx_word' id='word_1_277' title='bbox 1217 3506 1294 3561; x_wconf 86' lang='grc'><strong>1876.</strong></span> 
     </span>
    </p>

    <p class='ocr_par' dir='ltr' id='par_1_10' title="bbox 237 3595 1037 3666">
     <span class='ocr_line' id='line_1_32' title="bbox 237 3595 1037 3666; baseline 0.003 -17"><span class='ocrx_word' id='word_1_278' title='bbox 237 3597 270 3650; x_wconf 91' lang='grc' dir='ltr'><strong>Η.</strong></span> <span class='ocrx_word' id='word_1_279' title='bbox 289 3597 436 3652; x_wconf 87' lang='lat' dir='ltr'><strong>Rassow:</strong></span> <span class='ocrx_word' id='word_1_280' title='bbox 455 3597 495 3648; x_wconf 89' lang='lat' dir='ltr'><strong>De</strong></span> <span class='ocrx_word' id='word_1_281' title='bbox 513 3596 608 3650; x_wconf 90' lang='lat' dir='ltr'><strong>Plauti</strong></span> <span class='ocrx_word' id='word_1_282' title='bbox 626 3597 814 3665; x_wconf 85' lang='lat' dir='ltr'><strong>substantivis,</strong></span> <span class='ocrx_word' id='word_1_283' title='bbox 832 3596 942 3666; x_wconf 88' lang='lat' dir='ltr'><strong>Lipsiae</strong></span> <span class='ocrx_word' id='word_1_284' title='bbox 960 3595 1037 3651; x_wconf 89' lang='grc'>1881.</span> 
     </span>
    </p>

    <p class='ocr_par' dir='ltr' id='par_1_11' title="bbox 149 3685 1393 3843">
     <span class='ocr_line' id='line_1_33' title="bbox 238 3685 1393 3755; baseline 0 -17"><span class='ocrx_word' id='word_1_285' title='bbox 238 3685 273 3739; x_wconf 92' lang='lat' dir='ltr'><strong>M.</strong></span> <span class='ocrx_word' id='word_1_286' title='bbox 292 3685 533 3739; x_wconf 88' lang='lat' dir='ltr'><strong>Kleinschmit:</strong></span> <span class='ocrx_word' id='word_1_287' title='bbox 559 3687 599 3739; x_wconf 88' lang='lat' dir='ltr'><strong>De</strong></span> <span class='ocrx_word' id='word_1_288' title='bbox 616 3685 708 3739; x_wconf 88' lang='lat' dir='ltr'><strong>Lucili</strong></span> <span class='ocrx_word' id='word_1_289' title='bbox 729 3689 888 3740; x_wconf 87' lang='lat' dir='ltr'><strong>saturarum</strong></span> <span class='ocrx_word' id='word_1_290' title='bbox 907 3685 1051 3754; x_wconf 89' lang='lat' dir='ltr'><strong>scriptoris</strong></span> <span class='ocrx_word' id='word_1_291' title='bbox 1069 3702 1168 3755; x_wconf 85' lang='lat' dir='ltr'><strong>genere</strong></span> <span class='ocrx_word' id='word_1_292' title='bbox 1187 3685 1303 3753; x_wconf 90' lang='lat' dir='ltr'><strong>dicendi,</strong></span> <span class='ocrx_word' id='word_1_293' title='bbox 1321 3685 1393 3738; x_wconf 85' lang='lat' dir='ltr'><strong>Mar-</strong></span> 
     </span>
     <span class='ocr_line' id='line_1_34' title="bbox 149 3772 633 3843; baseline 0 -17"><span class='ocrx_word' id='word_1_294' title='bbox 149 3773 232 3843; x_wconf 85' lang='lat' dir='ltr'><strong>burgi</strong></span> <span class='ocrx_word' id='word_1_295' title='bbox 250 3772 326 3828; x_wconf 88' lang='lat'><strong>1883.</strong></span> <span class='ocrx_word' id='word_1_296' title='bbox 632 3821 633 3826; x_wconf 75' lang='grc'>,</span> 
     </span>
    </p>

    <p class='ocr_par' dir='ltr' id='par_1_12' title="bbox 237 3848 1393 4556">
     <span class='ocr_line' id='line_1_35' title="bbox 238 3848 1272 3928; baseline -0.002 -12"><span class='ocrx_word' id='word_1_297' title='bbox 238 3864 269 3916; x_wconf 87' lang='lat' dir='ltr'><strong>R.</strong></span> <span class='ocrx_word' id='word_1_298' title='bbox 289 3863 471 3917; x_wconf 84' lang='lat' dir='ltr'><strong>Schubert:</strong></span> <span class='ocrx_word' id='word_1_299' title='bbox 489 3864 530 3916; x_wconf 92' lang='lat' dir='ltr'><strong>De</strong></span> <span class='ocrx_word' id='word_1_300' title='bbox 547 3862 714 3917; x_wconf 83' lang='lat' dir='ltr'><strong>Lucratiana</strong></span> <span class='ocrx_word' id='word_1_301' title='bbox 732 3864 881 3918; x_wconf 83' lang='lat' dir='ltr'><strong>uerborum</strong></span> <span class='ocrx_word' id='word_1_302' title='bbox 898 3861 1073 3928; x_wconf 88' lang='lat' dir='ltr'><strong>formatione,</strong></span> <span class='ocrx_word' id='word_1_303' title='bbox 1092 3848 1178 3915; x_wconf 84' lang='lat' dir='ltr'><strong>Halae</strong></span> <span class='ocrx_word' id='word_1_304' title='bbox 1196 3859 1272 3915; x_wconf 84' lang='lat'><strong>1865.</strong></span> 
     </span>
     <span class='ocr_line' id='line_1_36' title="bbox 239 3948 1172 4021; baseline -0.001 -17"><span class='ocrx_word' id='word_1_305' title='bbox 239 3951 268 4005; x_wconf 89' lang='lat' dir='ltr'><strong>C.</strong></span> <span class='ocrx_word' id='word_1_306' title='bbox 286 3951 399 4006; x_wconf 83' lang='lat' dir='ltr'><strong>Wolff:</strong></span> <span class='ocrx_word' id='word_1_307' title='bbox 418 3954 457 4005; x_wconf 91' lang='lat' dir='ltr'><strong>De</strong></span> <span class='ocrx_word' id='word_1_308' title='bbox 475 3952 599 4007; x_wconf 89' lang='lat' dir='ltr'><strong>Lucretii</strong></span> <span class='ocrx_word' id='word_1_309' title='bbox 617 3951 759 4007; x_wconf 82' lang='lat' dir='ltr'><strong>vocabulis</strong></span> <span class='ocrx_word' id='word_1_310' title='bbox 778 3951 972 4021; x_wconf 84' lang='lat' dir='ltr'><strong>singularibus,</strong></span> <span class='ocrx_word' id='word_1_311' title='bbox 990 3951 1076 4006; x_wconf 85' lang='lat' dir='ltr'><strong>Halae</strong></span> <span class='ocrx_word' id='word_1_312' title='bbox 1095 3948 1172 4003; x_wconf 92' lang='grc'><strong>1878.</strong></span> 
     </span>
     <span class='ocr_line' id='line_1_37' title="bbox 237 4036 1358 4110; baseline 0.001 -17"><span class='ocrx_word' id='word_1_313' title='bbox 237 4041 269 4094; x_wconf 93' lang='grc' dir='ltr'><strong>Η.</strong></span> <span class='ocrx_word' id='word_1_314' title='bbox 289 4041 404 4095; x_wconf 86' lang='lat' dir='ltr'><strong>Ploen:</strong></span> <span class='ocrx_word' id='word_1_315' title='bbox 430 4043 470 4095; x_wconf 88' lang='lat' dir='ltr'><strong>De</strong></span> <span class='ocrx_word' id='word_1_316' title='bbox 489 4042 585 4110; x_wconf 89' lang='lat' dir='ltr'><strong>copiae</strong></span> <span class='ocrx_word' id='word_1_317' title='bbox 603 4042 751 4096; x_wconf 91' lang='lat' dir='ltr'><strong>verborum</strong></span> <span class='ocrx_word' id='word_1_318' title='bbox 770 4040 931 4094; x_wconf 83' lang='lat' dir='ltr'><strong>differentiis</strong></span> <span class='ocrx_word' id='word_1_319' title='bbox 950 4058 972 4094; x_wconf 92' lang='lat' dir='ltr'><strong>e.</strong></span> <span class='ocrx_word' id='word_1_320' title='bbox 992 4058 1017 4107; x_wconf 88' lang='lat' dir='ltr'><strong>q.</strong></span> <span class='ocrx_word' id='word_1_321' title='bbox 1037 4057 1066 4106; x_wconf 80' lang='lat' dir='ltr'><strong>s,</strong></span> <span class='ocrx_word' id='word_1_322' title='bbox 1085 4036 1358 4109; x_wconf 82' lang='lat' dir='ltr'><strong>Argentorati1882.</strong></span> 
     </span>
     <span class='ocr_line' id='line_1_38' title="bbox 238 4127 1393 4196; baseline -0.001 -14"><span class='ocrx_word' id='word_1_323' title='bbox 238 4130 270 4182; x_wconf 93' lang='lat' dir='ltr'><strong>H.</strong></span> <span class='ocrx_word' id='word_1_324' title='bbox 291 4130 469 4184; x_wconf 84' lang='lat' dir='ltr'><strong>Stuenkel:</strong></span> <span class='ocrx_word' id='word_1_325' title='bbox 495 4132 534 4184; x_wconf 91' lang='lat' dir='ltr'><strong>De</strong></span> <span class='ocrx_word' id='word_1_326' title='bbox 552 4130 724 4186; x_wconf 81' lang='lat' dir='ltr'><strong>Varroniano</strong></span> <span class='ocrx_word' id='word_1_327' title='bbox 747 4131 897 4185; x_wconf 85' lang='lat' dir='ltr'><strong>verborum</strong></span> <span class='ocrx_word' id='word_1_328' title='bbox 918 4129 1093 4196; x_wconf 88' lang='lat' dir='ltr'><strong>formatione,</strong></span> <span class='ocrx_word' id='word_1_329' title='bbox 1118 4128 1296 4196; x_wconf 85' lang='lat' dir='ltr'><strong>Argentorati</strong></span> <span class='ocrx_word' id='word_1_330' title='bbox 1313 4127 1393 4181; x_wconf 84' lang='lat'><strong>1875.</strong></span> 
     </span>
     <span class='ocr_line' id='line_1_39' title="bbox 239 4215 1303 4288; baseline 0 -18"><span class='ocrx_word' id='word_1_331' title='bbox 239 4219 269 4270; x_wconf 84' lang='lat' dir='ltr'><strong>A.</strong></span> <span class='ocrx_word' id='word_1_332' title='bbox 288 4218 441 4273; x_wconf 89' lang='lat' dir='ltr'><strong>Mueller:</strong></span> <span class='ocrx_word' id='word_1_333' title='bbox 460 4220 500 4273; x_wconf 93' lang='lat' dir='ltr'><strong>De</strong></span> <span class='ocrx_word' id='word_1_334' title='bbox 518 4219 616 4288; x_wconf 88' lang='lat' dir='ltr'><strong>priscis</strong></span> <span class='ocrx_word' id='word_1_335' title='bbox 635 4221 785 4275; x_wconf 86' lang='lat' dir='ltr'><strong>verborum</strong></span> <span class='ocrx_word' id='word_1_336' title='bbox 802 4219 899 4273; x_wconf 87' lang='lat' dir='ltr'><strong>formis</strong></span> <span class='ocrx_word' id='word_1_337' title='bbox 917 4217 1103 4284; x_wconf 86' lang='lat' dir='ltr'><strong>Varronianis,</strong></span> <span class='ocrx_word' id='word_1_338' title='bbox 1121 4216 1207 4270; x_wconf 90' lang='lat' dir='ltr'><strong>Halae</strong></span> <span class='ocrx_word' id='word_1_339' title='bbox 1226 4215 1303 4270; x_wconf 89' lang='grc'><strong>1877.</strong></span> 
     </span>
     <span class='ocr_line' id='line_1_40' title="bbox 239 4302 1236 4378; baseline -0.003 -19"><span class='ocrx_word' id='word_1_340' title='bbox 239 4307 407 4376; x_wconf 88' lang='lat' dir='ltr'><strong>Ladevvig:</strong></span> <span class='ocrx_word' id='word_1_341' title='bbox 425 4309 465 4361; x_wconf 88' lang='lat' dir='ltr'><strong>De</strong></span> <span class='ocrx_word' id='word_1_342' title='bbox 483 4308 605 4378; x_wconf 83' lang='lat' dir='ltr'><strong>Vergilio</strong></span> <span class='ocrx_word' id='word_1_343' title='bbox 624 4309 773 4362; x_wconf 88' lang='lat' dir='ltr'><strong>verborum</strong></span> <span class='ocrx_word' id='word_1_344' title='bbox 791 4311 933 4375; x_wconf 87' lang='lat' dir='ltr'><strong>novatore,</strong></span> <span class='ocrx_word' id='word_1_345' title='bbox 952 4305 1138 4361; x_wconf 84' lang='lat' dir='ltr'><strong>Neu-Strelitz</strong></span> <span class='ocrx_word' id='word_1_346' title='bbox 1159 4302 1236 4357; x_wconf 87' lang='grc'><strong>1870.</strong></span> 
     </span>
     <span class='ocr_line' id='line_1_41' title="bbox 239 4391 1262 4462; baseline -0.002 -14"><span class='ocrx_word' id='word_1_347' title='bbox 239 4395 269 4449; x_wconf 87' lang='grc' dir='ltr'><strong>Α.</strong></span> <span class='ocrx_word' id='word_1_348' title='bbox 289 4396 497 4452; x_wconf 81' lang='lat' dir='ltr'><strong>Rothmaler:</strong></span> <span class='ocrx_word' id='word_1_349' title='bbox 515 4398 555 4450; x_wconf 88' lang='lat' dir='ltr'><strong>De</strong></span> <span class='ocrx_word' id='word_1_350' title='bbox 573 4395 689 4452; x_wconf 87' lang='lat' dir='ltr'><strong>Horatio</strong></span> <span class='ocrx_word' id='word_1_351' title='bbox 709 4397 858 4450; x_wconf 90' lang='lat' dir='ltr'><strong>verborum</strong></span> <span class='ocrx_word' id='word_1_352' title='bbox 874 4396 1026 4462; x_wconf 89' lang='lat' dir='ltr'><strong>inventore,</strong></span> <span class='ocrx_word' id='word_1_353' title='bbox 1044 4393 1166 4448; x_wconf 90' lang='lat' dir='ltr'><strong>Berolini</strong></span> <span class='ocrx_word' id='word_1_354' title='bbox 1184 4391 1262 4447; x_wconf 80' lang='grc'><strong>1868.</strong></span> 
     </span>
     <span class='ocr_line' id='line_1_42' title="bbox 240 4480 1320 4556; baseline -0.006 -16"><span class='ocrx_word' id='word_1_355' title='bbox 240 4483 269 4540; x_wconf 78' lang='lat'><strong>0.</strong></span> <span class='ocrx_word' id='word_1_356' title='bbox 288 4485 553 4556; x_wconf 85' lang='lat' dir='ltr'><strong>Zangemeister:</strong></span> <span class='ocrx_word' id='word_1_357' title='bbox 571 4487 611 4538; x_wconf 91' lang='lat' dir='ltr'><strong>De</strong></span> <span class='ocrx_word' id='word_1_358' title='bbox 628 4484 739 4539; x_wconf 86' lang='lat' dir='ltr'><strong>Horatii</strong></span> <span class='ocrx_word' id='word_1_359' title='bbox 756 4484 871 4539; x_wconf 79' lang='lat' dir='ltr'><strong>vocibus</strong></span> <span class='ocrx_word' id='word_1_360' title='bbox 890 4484 1084 4553; x_wconf 65' lang='lat' dir='ltr'><strong>singularibus</strong></span> <span class='ocrx_word' id='word_1_361' title='bbox 1103 4482 1226 4536; x_wconf 87' lang='lat' dir='ltr'><strong>Berolini</strong></span> <span class='ocrx_word' id='word_1_362' title='bbox 1244 4480 1320 4535; x_wconf 80' lang='grc'><strong>1868.</strong></span> 
     </span>
    </p>

    <p class='ocr_par' dir='ltr' id='par_1_13' title="bbox 1260 4586 1286 4629">
     <span class='ocr_line' id='line_1_43' title="bbox 1260 4586 1286 4629; baseline 0 -16"><span class='ocrx_word' id='word_1_363' title='bbox 1260 4586 1286 4629; x_wconf 67' lang='lat'><strong>1*</strong></span> 
     </span>
    </p>
   </div>
   <div class='ocr_carea' id='block_1_4' title="bbox 0 0 1608 4878">
    <p class='ocr_par' dir='ltr' id='par_1_14' title="bbox 0 0 1608 4878">
     <span class='ocr_line' id='line_1_44' title="bbox 0 0 1608 4878; baseline 0 0"><span class='ocrx_word' id='word_1_364' title='bbox 0 0 1608 4878; x_wconf 95' lang='lat' dir='ltr'><strong> </strong></span> 
     </span>
    </p>
   </div>
  </div>
 </body>
</html>
