3190 4878
584 97 891 249 ‚n

255 367 465 452 sculptilis:
491 391 530 431 ex
553 368 588 431 P.
613 366 663 446 IV,
688 366 719 445 9,
744 365 803 446 28,
828 365 891 430 alii.

257 469 283 527 ’¹‘
311 473 529 538 servabilis:
553 475 594 537 tr.
618 473 668 553 IV,
693 471 724 553 5,
749 473 808 552 213
833 470 872 537 of.
897 470 1018 535 Loersii
1041 469 1291 556 adnotationem.

255 579 456 646 sonabilis:
480 601 522 643 m.
547 579 600 659 IX,
626 579 699 643 784.
725 615 768 623 -
793 577 831 643 of.
857 601 968 661 supra:
995 575 1212 656 ,resonabilis‘.

257 680 283 738 ³¹⁸
309 685 493 750 tinctilis:
517 687 557 749 tr.
582 685 636 764 ΠΙ,
662 683 714 765 10,
739 685 783 749 64
807 679 859 767 (of.
883 683 960 748 ibid.
985 684 1035 762 IV,
1061 684 1090 765 1,
1116 684 1157 746 77
1181 683 1214 746 et
1238 678 1303 766 84).

253 792 442 857 vitabilis:
475 814 515 856 ex
537 793 572 856 P.
604 792 654 872 IV,
687 791 738 871 14,
763 790 822 870 313
853 791 972 855 Arnob.
996 791 1031 870 V,
1060 812 1112 855 no.
1139 789 1189 854 13.
1215 825 1258 834 -—
1281 786 1402 873 (eonfer

138 884 275 984 supra:
301 898 492 979 ,aasabim
517 881 757 981 ,aasentias

252 1021 411 1087 Claudant
429 1044 545 1104 agmen
566 1020 929 1086 tertiae'doolinationis
959 1020 1191 1087 adieetivorum
1221 1021 1262 1084 ab
1286 1019 1400 1085 ovidio

161 1131 353 1195 novatorum
376 1129 473 1193 haece

569 1230 994 1318 mmmmm&

253 1352 279 1410 ’¹‘
308 1378 523 1441 expugnax:
558 1381 599 1422 m.
629 1358 708 1438 XIV,
740 1360 792 1424 21.
818 1395 861 1402 -
884 1358 979 1423 Haud
1012 1358 1070 1423 abs
1104 1380 1138 1422 re
1172 1356 1297 1421 videtur
1331 1378 1400 1421 esso

161 1463 341 1529 adscribere
356 1463 477 1527 Loersii
493 1462 534 1527 ad
549 1463 635 1528 huno
649 1464 755 1530 locum
770 1465 1027 1530 adnotationem:
1054 1463 1201 1542 ,varietas
1217 1461 1398 1542 lectionum,

83 1597 84 1602 ¹
160 1569 276 1651 inquit,
301 1569 454 1651 originem
477 1592 568 1634 suam
591 1573 846 1652 agrammatiois
870 1571 987 1636 habere
1010 1570 1144 1649 videtur,
1170 1569 1225 1653 qui
1239 1569 1399 1645 Nasonem

161 1676 209 1738 ita
235 1696 319 1740 nova
347 1675 454 1756 verba,
484 1676 639 1761 imprimis
670 1679 848 1762 composita
871 1700 890 1741 a
914 1676 1109 1761 simplicibus
1139 1698 1234 1759 saepe
1263 1675 1399 1740 formare

161 1780 366 1860 ignorarent‘.
387 1817 429 1824 -
446 1781 587 1847 conferre
610 1783 701 1847 iuvat
724 1783 856 1848 verbum
880 1782 1098 1868 ,expugnare‘:
1123 1804 1164 1846 m.
1186 1782 1240 1862 IX,
1264 1781 1338 1846 619.
1356 1790 1398 1826 -’-

248 1887 413 1968 vigilax:
437 1911 478 1952 m.
503 1889 542 1969 H,
569 1890 642 1955 779.
668 1925 711 1934 -
735 1889 801 1956 001.

246 1991 303 2057 Ad
329 1996 526 2078 postiemum
560 1997 715 2063 adnotare
748 1997 854 2078 liceat,
889 1996 1088 2061 Pauokerum
1122 1995 1156 2060 in
1190 1994 1270 2059 serie
1303 1994 1398 2059 huius

157 2099 282 2179 generis
300 2100 529 2168 adiectivorum
548 2103 632 2168 infra
649 2105 782 2169 laudata
801 2103 956 2188 suspicari
975 2101 1166 2167 adiectivum
1187 2101 1396 2183 ,ventisonax‘

159 2226 198 2268 ex
221 2204 319 2270 Anth.
344 2207 414 2272 Lat.
440 2207 504 2273 682
528 2210 665 2292 petitum
688 2209 824 2275 fortasse
849 2209 1040 2275 Ovidianum
1063 2229 1141 2272 esse.

597 2571 643 2670 B.
682 2570 954 2698 Composita.

554 2791 593 2853 a.
630 2771 995 2854 substantiva

243 2929 311 2993 Iam
343 2931 384 2994 ad
416 2932 544 3002 nomina
579 2933 757 3016 composita
789 2933 1031 3000 transeuntibus
1064 2935 1157 2999 nobis
1174 2983 1176 2990 >
1192 2936 1288 3001 liceat
1319 2960 1392 3021 pro·

154 3055 270 3116 ponere
294 3038 327 3100 et
350 3036 624 3104 substantivorum
648 3041 681 3103 et
704 3038 934 3104 adiectivorum
956 3041 1025 3106 vioe
1049 3041 1215 3124 iungentia
1237 3044 1301 3124 illa,

184 3189 1358 3286 mmmmmmwmmmmfflmmffl

563 3302 984 3390 mmmmm&

531 3422 564 3509 α)
594 3428 634 3491 in
663 3430 776 3495 -oola
806 3431 1017 3495 exeuntia:

244 3531 270 3588 *
296 3539 497 3604 amnicola:
520 3563 562 3604 m.
586 3542 626 3622 X,
650 3543 702 3614 96.

243 3639 269 3696 *
296 3645 531 3712 Iunonicola:
556 3647 577 3711 f.
601 3648 651 3728 VI,
676 3648 728 3713 49.

241 3819 260 3890 ¹)
281 3821 308 3876 C.
323 3823 489 3878 Pauoker:
507 3824 679 3878 Materialien
691 3829 742 3880 oto.
755 3845 781 3896 p.
796 3827 838 3880 45.
852 3857 887 3866 -
899 3828 933 3882 oi.
946 3830 1119 3900 Bragmann:
1138 3833 1156 3886 l.
1169 3833 1186 3886 l.
1200 3833 1216 3902 ξ
1228 3833 1271 3902 89,
1290 3853 1315 3904 p.
1327 3836 1387 3892 257.

239 3909 494 3980 ¹)P.uhd01ph:
524 3914 564 3966 De
589 3913 699 3984 linguae
726 3915 828 3970 latinae
852 3918 994 3974 vocabulis
1019 3922 1190 3991 compositis,
1208 3923 1388 3980 Vratislaviae

150 3997 227 4065 1868,
253 4016 278 4067 p.
305 3999 347 4053 28.
377 4029 411 4039 -
438 4001 468 4054 F.
494 4001 598 4056 Soitz:
635 4004 675 4056 De
701 4004 843 4060 adiectivis
867 4010 1014 4075 poetarum
1041 4009 1193 4065 latinorum
1218 4013 1385 4082 compositis,

148 4088 259 4142 Bonnae
285 4086 362 4142 1878.
388 4117 422 4127 -
446 4089 477 4144 L.
497 4089 697 4146 Sohroedor:
723 4094 813 4148 Form.
833 4094 1070 4167 Untarsoheidung
1095 4099 1143 4152 dar
1166 4100 1323 4156 Redetheile
1348 4102 1387 4156 im

149 4173 255 4229 Grieoh.
274 4193 300 4228 u.
320 4175 388 4244 Lat,
414 4177 523 4246 Lipsiae
542 4179 619 4247 1874,
645 4198 670 4249 p.
691 4181 750 4236 289.
777 4211 811 4221 -
835 4184 884 4237 Fr.
904 4183 1010 4239 Stolz:
1041 4186 1090 4239 Die
1115 4186 1162 4241 lat.
1181 4188 1386 4244 Nominaloom-

147 4262 276 4330 position,
304 4263 452 4334 Oeniponti
470 4267 547 4335 1877,
574 4287 599 4338 p.
620 4267 662 4336 65,
682 4268 725 4324 66.
752 4300 785 4308 -
812 4271 842 4327 6.
861 4273 982 4340 Meyer:
1010 4275 1041 4328 In
1067 4274 1143 4330 Curt.
1163 4276 1241 4332 Stud.
1268 4281 1335 4333 tom.
1354 4281 1384 4347 V,

147 4367 173 4420 p.
187 4349 290 4405 41-61
311 4355 339 4405 et
356 4356 423 4408 tom.
437 4356 480 4422 VI,
500 4356 551 4409 247
564 4375 623 4425 sqq.
641 4385 676 4396 -
693 4359 776 4413 Haud
794 4361 842 4415 abs
860 4377 890 4414 re
909 4361 1019 4415 videtur
1037 4379 1095 4416 esse
1114 4364 1254 4433 adnotare,
1273 4367 1386 4423 nomina

146 4438 229 4494 huius
248 4439 355 4510 generis
373 4441 483 4497 anullo
501 4444 561 4499 viro
581 4445 672 4514 docto,
692 4447 741 4516 qui
760 4449 793 4502 de
812 4448 845 4502 iis
864 4450 986 4519 egerunt,
1007 4451 1118 4507 omnia
1136 4457 1245 4508 exstars
1263 4455 1392 4512 oolloota¹
