3190 4878
736 281 949 289 ——-—--·—-

222 429 298 472 sane
322 409 437 486 evenit,
463 408 549 489 quod
571 407 746 471 novissima
770 406 897 469 demum
920 405 1027 467 aetate
1052 402 1254 479 exstiterunt,
1287 401 1342 484 qui
1365 423 1461 484 quae-

219 537 295 578 nam
317 515 513 579 incrementa
544 514 662 597 ceperit
693 534 796 577 sermo
819 511 953 575 Latinus
984 513 1053 574 arte
1077 509 1235 573 Ovidiana
1266 509 1342 572 data
1365 530 1461 590 opera

219 622 434 704 pervestigare
449 621 634 702 inceperint.
671 619 771 701 Atqui
793 621 919 701 praeter·
936 620 1058 681 ceteros
1074 618 1204 699 poetam
1221 615 1459 680 Sulmonensem

218 751 287 792 esse
325 727 553 792 vocabulorum
590 729 778 790 novatorem
816 724 1010 788 uberrimum
1044 722 1178 786 eundem
1217 721 1460 803 felicissimeque

219 835 372 898 audacem
385 831 409 919 1)
448 832 653 917 persuadebit
692 832 762 910 sibi,
803 831 947 914 quisquis
981 831 1033 893 vel
1068 829 1171 894 obiter
1209 829 1242 892 in
1276 829 1460 892 lectitandis
1502 846 1504 850 '

217 941 285 1006 eius
314 943 460 1006 versatus
491 941 552 1004 erit
576 939 777 1003 carminibus.
825 939 895 1014 Qua
917 939 951 1000 in
974 960 1007 1000 re
1036 959 1107 1000 cum
1137 935 1229 1019 plane
1260 958 1310 999 me
1340 935 1460 1000 habeat

217 1047 445 1127 assentientem
468 1047 686 1128 HultgreniuS‚
718 1044 822 1109 facere
839 1053 909 1108 'non
932 1064 1072 1127 possum,
1102 1043 1179 1124 quin
1203 1042 1375 1125 appingam
1398 1042 1460 1106 hoc

216 1154 287 1218 loco
310 1153 408 1218 verba
432 1154 499 1218 eius
522 1154 586 1217 huc
610 1153 799 1246 spectantia.
847 1152 1024 1232 Postquam
1048 1149 1132 1212 enim
1162 1147 1312 1212 disseruit
1334 1150 1382 1212 vir
1406 1149 1458 1212 ille

216 1261 330 1324 doctus
364 1260 401 1323 de
434 1271 566 1323 numero
591 1259 714 1341 ‘pedum
744 1243 975 1340 dactylicarum
1005 1256 1090 1339 apud
1120 1254 1268 1319 Ovidium
1299 1255 1456 1338 spondeos

215 1366 309 1446 longe
344 1366 577 1448 superantium,
617 1365 720 1428 hunce
756 1365 789 1428 in
827 1365 957 1428 modum
991 1362 1111 1445 pergit:
1125 1358 1149 1445 2)
1193 1357 1311 1451 (,Nam)
1346 1362 1456 1442 negari

214 1473 336 1554 nequit,
362 1471 511 1536 Ovidium
533 1472 648 1534 mirum
665 1471 697 1534 in
713 1470 844 1535 modum
867 1492 933 1534 non
948 1470 1050 1533 solum
1075 1469 1261 1545 exercuisse,
1287 1468 1456 1532 sedetiam

214 1577 390 1641 excoluisse
414 1577 555 1658 linguam
580 1629 586 1640 .
614 1629 619 1640 .
647 1630 652 1641 .
679 1576 879 1660 Quapropter
904 1597 1017 1659 operae
1040 1575 1179 1658 pretium
1202 1575 1263 1638 erit
1283 1574 1455 1658 disquirere

213 1684 251 1755 de
283 1683 397 1747 Ovidio
430 1684 598 1747 verborum
633 1683 744 1766 opifice
777 1685 809 1746 et
843 1704 957 1746 vocum
989 1681 1193 1764 potissimum
1226 1682 1454 1764 dactylicarum

213 1791 399 1868 inventore‘,
432 1793 464 1853 et
496 1813 577 1872 quae
606 1793 791 1872 sequuntur.
841 1788 900 1853 Cui
922 1790 982 1853 viri
1006 1789 1093 1853 docti
1121 1787 1276 1852 desiderio
1301 1811 1340 1863 ex
1363 1791 1455 1871 parte

211 1899 340 1959 tantum
363 1896 527 1977 hucusque
552 1896 755 1960 satisfactum
779 1919 847 1960 esse
872 1895 1076 1960 consentiunt
1098 1893 1211 1956 harum
1230 1895 1454 1976 quaestionum

210 2003 314 2085 periti.
362 2003 540 2084 Postquam
564 2003 647 2066 enim
671 2003 704 2066 in
728 2002 973 2079 commentariis,
1006 2021 1086 2082 quos
1110 2000 1230 2076 dicunt,
1256 2001 1296 2063 ab
1319 1999 1452 2064 Nicolao

209 2108 340 2173 Heinsio
379 2109 452 2172 inde
490 2131 591 2191 usque
631 2109 671 2172 ad
704 2111 849 2173 nostram
884 2109 1024 2171 aetatem
1059 2128 1189 2189 operum
1224 2105 1452 2171 Ovidianorum

209 2215 348 2278 editores
386 2215 629 2298 litterarumque
667 2216 884 2280 Romanarum
922 2216 1122 2279 enarratores
1160 2213 1194 2276 in
1231 2213 1358 2278 novicia
1395 2212 1450 2276 illa
1482 2267 1483 2270 ,

209 2321 366 2385 Ovidiana
390 2322 684 2386 animadverterunt
707 2323 758 2384 sat
780 2317 906 2404 multi3)
924 2342 1047 2402 -qua
1070 2321 1103 2384 in
1122 2343 1155 2384 re
1179 2323 1305 2404 praeter
1330 2323 1451 2384 ceteros

207 2427 385 2492 laudandus
408 2428 488 2491 mihi
510 2429 637 2493 videtur
659 2428 751 2492 Vitus
775 2428 932 2505 11οο10100,
959 2450 1089 2511 operum
1113 2426 1322 2510 complurium
1343 2427 1451 2490 Ovidi-

294 2621 323 2674 F.
344 2621 487 2673 Teuffel:
515 2622 554 2674 De
574 2620 676 2674 Catulli
693 2621 795 2674 Tibulli
812 2621 952 2689 Propertii
970 2621 1084 2675 vocibus
1104 2619 1297 2688 singularibus
1322 2618 1451 2688 Friburgi

205 2705 414 2786 Brisigavorum
433 2709 511 2764 1872.

294 2799 334 2852 W.
349 2799 549 2853 Schneider:
568 2800 608 2852 De
622 2799 768 2866 Propertio
788 2798 923 2852 sermonis
936 2801 1068 2850 novatore
1082 2800 1110 2850 et
1122 2796 1329 2864 amplificatore,
1347 2796 1450 2864 Argen·

205 2886 387 2948 torati1888.
461 2895 463 2899 ’

293 2977 332 3028 De
352 2976 450 3030 Ovidio
471 2976 565 3029 confer
583 2975 655 3028 infra
674 2975 820 3044 adscripta.
841 3003 875 3012 -

294 3064 469 3132 Scriptorum
494 3067 558 3132 post
582 3063 713 3117 Ovidium
745 3063 795 3130 qui
817 3067 896 3116 erant
929 3063 962 3116 de
991 3063 1140 3116 verborum
1170 3063 1337 3118 formatione
1367 3065 1451 3117 haece

203 3152 380 3220 potissimum
399 3153 502 3220 scripta
521 3147 650 3205 ridentur
669 3152 819 3205 laudanda:

292 3241 376 3293 Aem.
397 3240 578 3309 Stephanii
597 3241 753 3294 dissertatio
774 3240 891 3309 egregia,
916 3257 1000 3306 quam
1019 3241 1178 3309 composuit
1196 3241 1229 3294 de
1247 3241 1373 3295 Martiale
1391 3258 1450 3295 ver·

203 3330 303 3382 borum
322 3332 463 3395 novatore,
482 3329 663 3383 vratislaviae
683 3327 759 3380 1889.

293 3415 323 3471 G.
348 3419 378 3470 R.
402 3417 602 3471 Hauschild:
630 3417 682 3469 Die
709 3417 881 3470 Grundsttze
909 3416 967 3468 und
993 3416 1083 3471 Mittel
1111 3419 1159 3471 der
1185 3418 1379 3484 Wortbildung
1406 3417 1450 3469 bei

204 3505 363 3572 Tertnssian,
383 3506 491 3574 Lipsiae
511 3505 587 3559 1876.

291 3593 352 3646 Alia
371 3594 442 3648 infra
460 3613 511 3649 000
532 3611 644 3662 quoque
662 3595 732 3648 1000·
743 3594 900 3648 afferentur.
920 3623 954 3632 -

294 3679 313 3750 1)
334 3682 543 3749 Quintiliani
561 3683 623 3736 inst.
645 3701 683 3736 or.
704 3684 736 3749 X,
756 3683 780 3749 1,
800 3682 834 3735 96
854 3681 1052 3753 (defloratio).

293 3769 312 3840 ²)
331 3771 513 3840 Hultgren:
541 3772 617 3826 Obss.
638 3775 716 3824 metr.
737 3772 756 3838 1,
776 3789 801 3840 p.
822 3771 864 3824 29.
885 3817 887 3822 .

292 3857 312 3928 ⁸)
332 3861 443 3913 Koene
471 3861 488 3913 l.
515 3861 541 3927 1.,
571 3861 761 3929 compluribus
792 3861 868 3928 locis,
900 3879 922 3914 e.
951 3879 976 3930 g.
1006 3880 1032 3929 p.
1061 3857 1120 3912 196.
1152 3889 1185 3896 -
1216 3861 1378 3913 Ernestus
1410 3860 1447 3914 de

201 3947 350 4000 Leutsch
376 3948 404 3999 in
428 3948 528 4014 encycl.
552 3949 720 4004 Erschianae
744 3951 813 4003 serie
836 3951 884 4016 III,
909 3955 976 4004 tom.
996 3949 1029 4015 8.,
1055 3967 1080 4017 p.
1101 3948 1143 4014 66,
1167 3947 1209 4014 80,
1233 3948 1275 4001 87.
1304 3979 1337 3986 -
1366 3948 1445 4004 (1.8.

203 4034 320 4104 Gierig
346 4037 397 4088 sub
420 4038 503 4089 finem
528 4038 769 4091 commentationis
795 4040 1056 4106 metamorphoseon
1082 4037 1196 4090 editioni
1218 4038 1392 4106 praemissae.
1412 4068 1446 4076 -

201 4124 233 4176 E.
247 4123 276 4176 C.
291 4123 361 4176 Chr.
375 4125 478 4178 Bach:
498 4127 572 4179 Nota
592 4126 627 4179 ad
645 4129 722 4178 mett.
742 4127 763 4191 Ι,
783 4125 843 4192 289,
863 4126 980 4193 saepius,
1001 4125 1033 4178 cf.
1054 4125 1180 4178 indicem.
1195 4155 1228 4162 -
1242 4126 1448 4196 Mor-Ilaupt

202 4209 244 4279 (H.
264 4201 284 4264 I.
303 4210 459 4281 Mueller)
486 4214 522 4266 ad
547 4217 623 4266 mett.
645 4211 901 4278 1159661567,
928 4213 1045 4281 saepius,
1072 4215 1105 4266 cf.
1130 4214 1256 4268 indicem.
1276 4244 1310 4251 -
1333 4216 1353 4269 I.
1374 4214 1444 4268 Chr.

200 4299 230 4351 F.
250 4299 360 4352 Baehr
384 4301 412 4353 in
430 4301 494 4354 hist.
514 4301 566 4354 litt.
586 4303 665 4355 Rom.
690 4301 731 4353 ed.
756 4301 808 4367 IV..
836 4299 913 4366 1868,
938 4301 954 4368 5
978 4302 1036 4367 111,
1060 4320 1087 4370 p.
1111 4302 1164 4356 454
1183 4321 1247 4356 cum
1265 4303 1391 4358 11011114.
1412 4333 1445 4340 -

200 4387 280 4439 Rud.
304 4389 441 4442 Ehwald
467 4390 494 4441 in
522 4389 651 4444 Bursiani
677 4393 754 4442 nunt.
780 4389 869 4442 annal.
892 4391 987 4443 XLIII.
1020 4389 1108 4459 (1885,
1139 4390 1174 4461 ΙΙ)
1202 4411 1228 4461 p.
1257 4393 1308 4446 203
1334 4411 1391 4459 sqq.
1411 4423 1444 4429 —

201 4474 231 4529 0.
251 4474 417 4528 Ribbeck:
437 4477 454 4530 l.
473 4478 490 4530 l.
510 4479 543 4546 ΙΙ,
563 4477 621 4531 340.
